3192 5475
679 490 857 561 ..55-

275 628 453 705 ll.-Com
463 630 652 706 Plutarchus
663 634 820 726 imprimis
828 632 1071 704 conmaStoieoa
1083 633 1295 725 patrocinium

232 741 341 811 bestie
351 742 539 832 susceperit
550 742 590 811 ab
600 742 652 811 bis
665 742 743 832 ipsis
755 750 1009 831 argumentum
1020 740 1109 829 petit,
1123 742 1298 832 quomani·

231 848 342 917 lertius
355 860 502 939 appareat
522 867 579 918 eos
602 848 643 918 de
663 849 823 919 intellectu
849 848 1017 917 brutorum
1030 848 1125 938 plano
1137 848 1295 929 aberam
1417 878 1421 885 ·

232 954 281 1024 llll
292 956 412 1024 etenim
426 954 469 1023 ita
482 954 639 1024 deliniunt
654 956 862 1044 propositum,
887 964 1088 1043 apparatum,
1099 955 1296 1035 armntoriotn,

234 1070 269 1128 ut
282 1060 493 1130 obintellectu
510 1061 663 1152 proticisci
677 1060 834 1142 dicantur,
847 1080 953 1151 neque
968 1060 1088 1130 interea
1100 1060 1212 1130 volunt
1229 1057 1299 1129 ani·

233 1166 326 1235 maiia
341 1166 529 1258 intelligere,
545 1168 635 1259 quasi
649 1186 685 1236 ea
699 1168 778 1237 nibil
794 1187 935 1257 unquam
949 1167 1008 1237 sibi
1027 1178 1217 1259 proponant,
1238 1186 1299 1235 ne·

234 1290 296 1360 qne
307 1293 400 1362 agere
409 1286 573 1365 apparent,
584 1295 688 1364 neque
703 1273 919 1343 recordemur.
942 1274 1046 1343 Aliam
1058 1274 1166 1364 igitur,
1178 1274 1299 1357 Stoice,

234 1380 399 1469 propositi,
415 1382 576 1451 memoriae
589 1380 806 1452 definitionem
832 1380 955 1463 aderas,
970 1380 1020 1449 rel
1039 1380 1167 1450 fatearis
1180 1400 1300 1473 propo·

235 1484 333 1554 sitiet
347 1486 507 1555 memoria
529 1506 675 1577 capacem
701 1486 836 1556 bestiam
864 1485 1049 1575 intelligere.
1077 1484 1196 1556 Eadem
1209 1505 1303 1575 arpo·

236 1593 398 1661 mentandi
425 1592 505 1662 ratio
527 1594 567 1662 de
591 1593 827 1683 cupiditatibus.
844 1592 1005 1663 Easenim
1028 1604 1194 1683 postquam
1204 1592 1304 1663 Stoici

234 1699 346 1768 volunt
361 1699 453 1768 falsas
466 1718 537 1768 essa
550 1696 884 1789 opiniones,numquid
898 1700 1012 1767 merito
1025 1699 1185 1787 denegent
1202 1698 1304 1768 brutis

235 1805 386 1896 opinandi
399 1806 703 1876 tamttatemtrtam
728 1804 876 1875 convenit
889 1806 1074 1875 sanosinter
1087 1824 1199 1875 omnes
1211 1806 1304 1875 mata

235 1913 458 2001 cupiditatibus
479 1912 572 1995 affici,
598 1924 630 1981 et
650 1912 677 1981 si
702 1912 783 1983 iorte
810 1910 979 2002 desipienti
1011 1910 1150 2001 cuipiam
1177 1909 1306 1981 libuerit

236 2020 360 2091 edicere
384 2040 451 2089 non
474 2020 564 2089 irasci
577 2019 723 2101 leonem,
743 2018 801 2089 sed
826 2020 921 2088 *uelut
943 2019 1049 2101 irasci,
1070 2017 1208 2088 aerclut
1230 2033 1303 2088 me·

237 2137 327 2197 tuere
340 2147 479 2209 cervam,
494 2125 571 2216 quid
595 2125 661 2216 jam
676 2124 774 2195 laceto
794 2124 848 2195 lstt’
865 2124 1054 2216 philosopho
1069 2134 1180 2206 restat,
1194 2123 1256 2195 nisi
1270 2133 1307 2195 ut

235 2234 380 2305 animalia
402 2232 499 2303 veluti
512 2232 631 2316 ridere,
644 2230 740 2301 veluti
762 2231 885 2315 audire,
899 2230 1115 2321 deniquenon
1139 2230 1245 2321 reipsa
1261 2232 1307 2300 ri·

236 2362 310 2411 rere
324 2341 380 2411 scd
390 2340 489 2411 veluti
502 2338 609 2409 rivere
623 2338 821 2429 proclamet?

282 2552 339 2623 111.
357 2588 401 2605 -
414 2552 526 2637 Quid?
539 2552 566 2621 si
579 2551 808 2642 malignitatem
819 2550 1000 2621 Stoicorum
1014 2570 1089 2642 erga
1099 2551 1183 2620 ieras
1195 2548 1302 2619 usitad

238 2658 396 2728 sermonis
408 2659 606 2729 consuetudo
626 2659 769 2727 refutati
780 2657 1045 2749 quemadmodem
1059 2658 1146 2726 enim
1161 2658 1194 2726 id
1207 2674 1309 2724 unum
1369 2710 1380 2746 ,

239 2786 387 2836 sommam
397 2787 520 2837 omnum
532 2778 585 2835 ant
597 2767 729 2835 blaesum
744 2764 829 2854 quod
841 2777 955 2834 natura
965 2765 1131 2834 oculorum
1143 2777 1175 2834 et
1192 2755 1312 2852 linguae

240 2871 906 2960 ministerioadridendumeteloquendnm
916 2879 1164 2962 comparaverat,
1180 2869 1223 2938 ita
1233 2869 1311 2938 dum

240 2977 357 3047 bestias
370 2978 505 3048 delirare
517 2992 551 3048 et
564 2979 670 3049 iurere
681 2978 828 3060 dicimus,
844 2979 905 3048 boc
919 2979 988 3067 ipso
1002 2977 1194 3067 prolitemur
1205 2974 1244 3045 iis
1256 2975 1309 3047 in·

240 3081 402 3172 telligendi
422 3085 615 3173 impertitam
629 3105 700 3154 esse
714 3085 848 3174 copiam.
863 3082 950 3167 Quid
963 3084 1048 3153 enim
1063 3084 1166 3152 rabies
1182 3083 1237 3150 illa
1249 3081 1311 3155 nisi

242 3187 419 3260 intellectus
433 3191 627 3280 perturbatio
639 3192 657 3260 i
668 3191 748 3275 Quae
766 3190 895 3282 quidem
908 3200 992 3259 tanta
1004 3199 1064 3268 est,
1082 3200 1118 3257 ut
1128 3184 1310 3278 iudicandi,

241 3293 447 3365 ratiocinandi
462 3307 495 3366 et
507 3297 693 3368 recordandi
708 3297 771 3366 vim
782 3297 939 3376 amittant,
956 3307 991 3365 nt
1003 3296 1037 3365 lit
1059 3285 1311 3384 incontinenti

241 3401 347 3471 lurore
360 3403 505 3494 exagitati
519 3405 569 3474 vel
578 3403 757 3474 carissimos
771 3401 839 3492 jam
854 3424 917 3474 non
930 3412 1114 3492 agnoscant,
1127 3411 1161 3472 et
1180 3400 1312 3471 obvium

241 3528 400 3596 quemque
425 3528 533 3577 morsu
561 3521 667 3598 petant
691 3507 898 3578 insanientes.
925 3507 1055 3579 Constat
1070 3507 1166 3597 igitur
1189 3525 1257 3587 eos,
1284 3495 1313 3573 ai

242 3625 369 3704 propter
383 3613 502 3683 rabiem
513 3626 622 3684 mente
636 3615 798 3696 excidunt,
812 3626 953 3684 mentem
964 3615 1100 3704 aliquam
1113 3623 1226 3682 natura
1247 3609 1311 3679 ob·

243 3720 385 3790 tinuisse.
403 3719 589 3810 Adloquor
607 3721 692 3789 alind
708 3722 866 3804 solertius,
879 3722 965 3791 aliud
984 3720 1117 3790 docilius
1130 3721 1216 3787 inter
1229 3727 1316 3784 muta

243 3847 421 3916 nuncupas,
436 3827 491 3915 qui
504 3848 610 3897 sermo
624 3829 715 3918 plane
729 3826 811 3897 loret
825 3828 966 3897 insulsus
980 3828 1041 3896 nisi
1051 3822 1262 3913 intelligentia
1277 3820 1318 3890 iis

243 3936 481 4004 concederetur.
498 3933 584 4004 Nulli
597 3935 681 4004 enim
695 3955 834 4024 unquam
849 3933 937 4006 venit
957 3933 990 4002 in
1013 3949 1153 4004 mentem
1170 3929 1317 3997 arborem

242 4040 354 4109 arbore
365 4041 470 4110 dicere
485 4042 690 4131 sagaciorem,
703 4051 740 4110 ut
753 4060 866 4111 canem
877 4061 948 4124 ore,
965 4060 1071 4132 neque
1084 4036 1212 4127 injuria.
1229 4033 1319 4104 Nul-

244 4143 294 4217 lus
316 4147 403 4216 enim
426 4147 510 4220 inest
526 4149 642 4237 plantis
669 4148 862 4230 intellectus,
878 4145 1067 4218 animalibus
1089 4152 1200 4214 autem
1222 4150 1318 4232 prout

1220 4250 1233 4287 d
