<?xml version="1.0" encoding="UTF-8"?>
<!DOCTYPE html PUBLIC "-//W3C//DTD XHTML 1.0 Transitional//EN"
    "http://www.w3.org/TR/xhtml1/DTD/xhtml1-transitional.dtd">
<html xmlns="http://www.w3.org/1999/xhtml" xml:lang="en" lang="en">
 <head>
  <title>
</title>
<meta http-equiv="Content-Type" content="text/html;charset=utf-8" />
  <meta name='ocr-system' content='tesseract 3.04.00' />
  <meta name='ocr-capabilities' content='ocr_page ocr_carea ocr_par ocr_line ocrx_word'/>
</head>
<body>
  <div class='ocr_page' id='page_1' title='image "./deanimabrutorum00brgoog_0040.png"; bbox 0 0 3192 5475; ppageno 0'>
   <div class='ocr_carea' id='block_1_1' title="bbox 806 531 1031 599">
    <p class='ocr_par' dir='ltr' id='par_1_1' title="bbox 806 531 1031 599">
     <span class='ocr_line' id='line_1_1' title="bbox 806 531 1031 599; baseline -0.004 -16"><span class='ocrx_word' id='word_1_1' title='bbox 806 531 1031 599; x_wconf 74' lang='lat'>..56...</span> 
     </span>
    </p>
   </div>
   <div class='ocr_carea' id='block_1_2' title="bbox 351 658 1423 2686">
    <p class='ocr_par' dir='ltr' id='par_1_2' title="bbox 354 658 1423 1939">
     <span class='ocr_line' id='line_1_2' title="bbox 360 658 1423 763; baseline -0.005 -19"><span class='ocrx_word' id='word_1_2' title='bbox 360 675 561 763; x_wconf 86' lang='lat' dir='ltr'><strong>derrtiamque</strong></span> <span class='ocrx_word' id='word_1_3' title='bbox 575 684 729 762; x_wconf 83' lang='lat' dir='ltr'><strong>spectant,</strong></span> <span class='ocrx_word' id='word_1_4' title='bbox 744 658 1010 742; x_wconf 56' lang='lat' dir='ltr'><strong>tantum&#39;c&#39;asdem</strong></span> <span class='ocrx_word' id='word_1_5' title='bbox 1022 671 1208 752; x_wconf 89' lang='lat' dir='ltr'><strong>honorilice,</strong></span> <span class='ocrx_word' id='word_1_6' title='bbox 1233 668 1288 737; x_wconf 93' lang='lat' dir='ltr'><strong>ubi</strong></span> <span class='ocrx_word' id='word_1_7' title='bbox 1303 668 1343 737; x_wconf 90' lang='lat' dir='ltr'><strong>de</strong></span> <span class='ocrx_word' id='word_1_8' title='bbox 1354 688 1423 740; x_wconf 92' lang='lat' dir='ltr'><strong>mo-</strong></span> 
     </span>
     <span class='ocr_line' id='line_1_3' title="bbox 359 772 1421 869; baseline -0.008 -21"><span class='ocrx_word' id='word_1_9' title='bbox 359 780 447 848; x_wconf 87' lang='lat' dir='ltr'><strong>ribus</strong></span> <span class='ocrx_word' id='word_1_10' title='bbox 460 781 629 848; x_wconf 79' lang='lat' dir='ltr'><strong>disserunt.</strong></span> <span class='ocrx_word' id='word_1_11' title='bbox 648 780 753 869; x_wconf 90' lang='lat' dir='ltr'><strong>ltaque</strong></span> <span class='ocrx_word' id='word_1_12' title='bbox 769 780 956 869; x_wconf 90' lang='lat' dir='ltr'><strong>prolitentur</strong></span> <span class='ocrx_word' id='word_1_13' title='bbox 976 777 1125 867; x_wconf 89' lang='lat' dir='ltr'><strong>pecudes,</strong></span> <span class='ocrx_word' id='word_1_14' title='bbox 1142 776 1266 866; x_wconf 87' lang='lat' dir='ltr'><strong>specula</strong></span> <span class='ocrx_word' id='word_1_15' title='bbox 1284 772 1336 843; x_wconf 87' lang='lat' dir='ltr'><strong>illa</strong></span> <span class='ocrx_word' id='word_1_16' title='bbox 1360 795 1421 841; x_wconf 92' lang='lat' dir='ltr'><strong>na-</strong></span> 
     </span>
     <span class='ocr_line' id='line_1_4' title="bbox 358 882 1420 977; baseline -0.007 -23"><span class='ocrx_word' id='word_1_17' title='bbox 358 898 449 970; x_wconf 85' lang='lat' dir='ltr'><strong>turae,</strong></span> <span class='ocrx_word' id='word_1_18' title='bbox 478 887 613 977; x_wconf 91' lang='lat' dir='ltr'><strong>optimas</strong></span> <span class='ocrx_word' id='word_1_19' title='bbox 636 908 704 955; x_wconf 89' lang='lat' dir='ltr'><strong>esse</strong></span> <span class='ocrx_word' id='word_1_20' title='bbox 733 888 857 956; x_wconf 82' lang='lat' dir='ltr'><strong>uiuendi</strong></span> <span class='ocrx_word' id='word_1_21' title='bbox 892 886 1071 974; x_wconf 84' lang='lat' dir='ltr'><strong>magistras,</strong></span> <span class='ocrx_word' id='word_1_22' title='bbox 1101 884 1301 971; x_wconf 86' lang='lat' dir='ltr'><strong>hominisque</strong></span> <span class='ocrx_word' id='word_1_23' title='bbox 1327 882 1420 951; x_wconf 83' lang='lat' dir='ltr'><strong>uitam</strong></span> 
     </span>
     <span class='ocr_line' id='line_1_5' title="bbox 358 990 1416 1083; baseline -0.006 -22"><span class='ocrx_word' id='word_1_24' title='bbox 358 994 503 1062; x_wconf 84' lang='lat' dir='ltr'><strong>advitam</strong></span> <span class='ocrx_word' id='word_1_25' title='bbox 518 994 699 1062; x_wconf 87' lang='lat' dir='ltr'><strong>animalium</strong></span> <span class='ocrx_word' id='word_1_26' title='bbox 716 1014 785 1063; x_wconf 87' lang='lat' dir='ltr'><strong>esse</strong></span> <span class='ocrx_word' id='word_1_27' title='bbox 802 995 888 1062; x_wconf 91' lang='lat' dir='ltr'><strong>uelut</strong></span> <span class='ocrx_word' id='word_1_28' title='bbox 913 994 952 1061; x_wconf 93' lang='lat' dir='ltr'><strong>ad</strong></span> <span class='ocrx_word' id='word_1_29' title='bbox 972 992 1133 1083; x_wconf 84' lang='lat' dir='ltr'><strong>exemplar</strong></span> <span class='ocrx_word' id='word_1_30' title='bbox 1155 990 1416 1081; x_wconf 81' lang='lat' dir='ltr'><strong>componendam.</strong></span> 
     </span>
     <span class='ocr_line' id='line_1_6' title="bbox 358 1096 1418 1190; baseline -0.007 -21"><span class='ocrx_word' id='word_1_31' title='bbox 358 1101 430 1169; x_wconf 91' lang='lat' dir='ltr'><strong>Non</strong></span> <span class='ocrx_word' id='word_1_32' title='bbox 442 1113 548 1170; x_wconf 90' lang='lat' dir='ltr'><strong>tamen</strong></span> <span class='ocrx_word' id='word_1_33' title='bbox 561 1103 671 1169; x_wconf 85' lang='lat' dir='ltr'><strong>codem</strong></span> <span class='ocrx_word' id='word_1_34' title='bbox 683 1122 747 1190; x_wconf 88' lang='lat' dir='ltr'><strong>quo</strong></span> <span class='ocrx_word' id='word_1_35' title='bbox 757 1100 865 1190; x_wconf 87' lang='lat' dir='ltr'><strong>Cynici</strong></span> <span class='ocrx_word' id='word_1_36' title='bbox 887 1098 1047 1190; x_wconf 88' lang='lat' dir='ltr'><strong>proposito</strong></span> <span class='ocrx_word' id='word_1_37' title='bbox 1067 1100 1121 1167; x_wconf 89' lang='lat' dir='ltr'><strong>illo</strong></span> <span class='ocrx_word' id='word_1_38' title='bbox 1135 1120 1193 1166; x_wconf 93' lang='lat' dir='ltr'><strong>suo</strong></span> <span class='ocrx_word' id='word_1_39' title='bbox 1208 1096 1418 1186; x_wconf 79' lang='lat' dir='ltr'><strong>pertinebant.</strong></span> 
     </span>
     <span class='ocr_line' id='line_1_7' title="bbox 357 1204 1421 1295; baseline -0.004 -20"><span class='ocrx_word' id='word_1_40' title='bbox 357 1206 442 1289; x_wconf 84' lang='lat' dir='ltr'><strong>Quid</strong></span> <span class='ocrx_word' id='word_1_41' title='bbox 456 1208 542 1277; x_wconf 91' lang='lat' dir='ltr'><strong>enirn</strong></span> <span class='ocrx_word' id='word_1_42' title='bbox 556 1208 615 1276; x_wconf 93' lang='lat' dir='ltr'><strong>sibi</strong></span> <span class='ocrx_word' id='word_1_43' title='bbox 628 1209 695 1276; x_wconf 91' lang='lat' dir='ltr'><strong>vult</strong></span> <span class='ocrx_word' id='word_1_44' title='bbox 709 1208 858 1295; x_wconf 83' lang='lat' dir='ltr'><strong>Cynicus,</strong></span> <span class='ocrx_word' id='word_1_45' title='bbox 870 1208 931 1274; x_wconf 87' lang='lat' dir='ltr'><strong>nisi</strong></span> <span class='ocrx_word' id='word_1_46' title='bbox 946 1217 981 1273; x_wconf 93' lang='lat' dir='ltr'><strong>nt</strong></span> <span class='ocrx_word' id='word_1_47' title='bbox 1003 1218 1149 1273; x_wconf 88' lang='lat' dir='ltr'><strong>uatumm</strong></span> <span class='ocrx_word' id='word_1_48' title='bbox 1160 1204 1279 1292; x_wconf 83' lang='lat' dir='ltr'><strong>judicio</strong></span> <span class='ocrx_word' id='word_1_49' title='bbox 1293 1214 1421 1272; x_wconf 90' lang='lat' dir='ltr'><strong>secutus</strong></span> 
     </span>
     <span class='ocr_line' id='line_1_8' title="bbox 361 1310 1420 1403; baseline -0.002 -23"><span class='ocrx_word' id='word_1_50' title='bbox 361 1312 408 1401; x_wconf 77' lang='lat' dir='ltr'><strong>lut</strong></span> <span class='ocrx_word' id='word_1_51' title='bbox 424 1314 489 1403; x_wconf 91' lang='lat' dir='ltr'><strong>ipsa</strong></span> <span class='ocrx_word' id='word_1_52' title='bbox 505 1316 633 1403; x_wconf 84' lang='lat' dir='ltr'><strong>pervim</strong></span> <span class='ocrx_word' id='word_1_53' title='bbox 652 1314 796 1403; x_wconf 81' lang='lat' dir='ltr'><strong>sequitur</strong></span> <span class='ocrx_word' id='word_1_54' title='bbox 813 1313 938 1403; x_wconf 87' lang='lat' dir='ltr'><strong>bestia),</strong></span> <span class='ocrx_word' id='word_1_55' title='bbox 960 1314 1110 1381; x_wconf 86' lang='lat' dir='ltr'><strong>uirtutem</strong></span> <span class='ocrx_word' id='word_1_56' title='bbox 1125 1310 1326 1400; x_wconf 80' lang='lat' dir='ltr'><strong>assequaris‘.l</strong></span> <span class='ocrx_word' id='word_1_57' title='bbox 1351 1310 1420 1378; x_wconf 87' lang='lat' dir='ltr'><strong>ideo</strong></span> 
     </span>
     <span class='ocr_line' id='line_1_9' title="bbox 357 1417 1421 1509; baseline -0.002 -22"><span class='ocrx_word' id='word_1_58' title='bbox 357 1438 430 1487; x_wconf 87' lang='lat' dir='ltr'><strong>cum</strong></span> <span class='ocrx_word' id='word_1_59' title='bbox 445 1422 633 1509; x_wconf 68' lang='lat' dir='ltr'><strong>intelligeret</strong></span> <span class='ocrx_word' id='word_1_60' title='bbox 648 1422 793 1490; x_wconf 88' lang='lat' dir='ltr'><strong>animalia</strong></span> <span class='ocrx_word' id='word_1_61' title='bbox 807 1433 925 1490; x_wconf 86' lang='lat' dir='ltr'><strong>naturae</strong></span> <span class='ocrx_word' id='word_1_62' title='bbox 941 1419 1179 1489; x_wconf 89' lang='lat' dir='ltr'><strong>necessitatibus</strong></span> <span class='ocrx_word' id='word_1_63' title='bbox 1193 1439 1297 1507; x_wconf 89' lang='lat' dir='ltr'><strong>neque</strong></span> <span class='ocrx_word' id='word_1_64' title='bbox 1308 1417 1421 1485; x_wconf 87' lang='lat' dir='ltr'><strong>addere</strong></span> 
     </span>
     <span class='ocr_line' id='line_1_10' title="bbox 360 1522 1419 1618; baseline -0.004 -23"><span class='ocrx_word' id='word_1_65' title='bbox 360 1548 465 1616; x_wconf 88' lang='lat' dir='ltr'><strong>noque</strong></span> <span class='ocrx_word' id='word_1_66' title='bbox 478 1529 619 1597; x_wconf 88' lang='lat' dir='ltr'><strong>recidere</strong></span> <span class='ocrx_word' id='word_1_67' title='bbox 638 1530 828 1618; x_wconf 60' lang='lat' dir='ltr'><strong>quidquam²</strong></span> <span class='ocrx_word' id='word_1_68' title='bbox 840 1550 875 1596; x_wconf 92' lang='lat' dir='ltr'><strong>se</strong></span> <span class='ocrx_word' id='word_1_69' title='bbox 901 1527 1011 1595; x_wconf 86' lang='lat' dir='ltr'><strong>iisdem</strong></span> <span class='ocrx_word' id='word_1_70' title='bbox 1032 1526 1151 1595; x_wconf 82' lang='lat' dir='ltr'><strong>bulbus</strong></span> <span class='ocrx_word' id='word_1_71' title='bbox 1168 1522 1362 1606; x_wconf 90' lang='lat' dir='ltr'><strong>continebat,</strong></span> <span class='ocrx_word' id='word_1_72' title='bbox 1379 1525 1419 1591; x_wconf 90' lang='lat' dir='ltr'><strong>ita</strong></span> 
     </span>
     <span class='ocr_line' id='line_1_11' title="bbox 356 1634 1419 1726; baseline -0.004 -24"><span class='ocrx_word' id='word_1_73' title='bbox 356 1647 390 1702; x_wconf 88' lang='lat' dir='ltr'><strong>ut</strong></span> <span class='ocrx_word' id='word_1_74' title='bbox 403 1636 577 1724; x_wconf 83' lang='lat' dir='ltr'><strong>superfluas</strong></span> <span class='ocrx_word' id='word_1_75' title='bbox 593 1637 665 1726; x_wconf 85' lang='lat' dir='ltr'><strong>uitae</strong></span> <span class='ocrx_word' id='word_1_76' title='bbox 680 1634 921 1705; x_wconf 79' lang='lat' dir='ltr'><strong>commoditates</strong></span> <span class='ocrx_word' id='word_1_77' title='bbox 935 1634 1096 1723; x_wconf 86' lang='lat' dir='ltr'><strong>abjiceret,</strong></span> <span class='ocrx_word' id='word_1_78' title='bbox 1113 1646 1191 1702; x_wconf 90' lang='lat' dir='ltr'><strong>etse</strong></span> <span class='ocrx_word' id='word_1_79' title='bbox 1212 1634 1419 1700; x_wconf 90' lang='lat' dir='ltr'><strong>humanarum</strong></span> 
     </span>
     <span class='ocr_line' id='line_1_12' title="bbox 355 1738 1418 1830; baseline -0.002 -23"><span class='ocrx_word' id='word_1_80' title='bbox 355 1742 538 1829; x_wconf 78' lang='lat' dir='ltr'><strong>opinionum</strong></span> <span class='ocrx_word' id='word_1_81' title='bbox 557 1743 745 1811; x_wconf 89' lang='lat' dir='ltr'><strong>commentis</strong></span> <span class='ocrx_word' id='word_1_82' title='bbox 767 1742 926 1811; x_wconf 84' lang='lat' dir='ltr'><strong>liberaret.</strong></span> <span class='ocrx_word' id='word_1_83' title='bbox 948 1740 1058 1830; x_wconf 91' lang='lat' dir='ltr'><strong>ltaque</strong></span> <span class='ocrx_word' id='word_1_84' title='bbox 1075 1740 1161 1808; x_wconf 89' lang='lat' dir='ltr'><strong>sitim</strong></span> <span class='ocrx_word' id='word_1_85' title='bbox 1186 1760 1266 1829; x_wconf 88' lang='lat' dir='ltr'><strong>aqua</strong></span> <span class='ocrx_word' id='word_1_86' title='bbox 1301 1738 1418 1807; x_wconf 89' lang='lat' dir='ltr'><strong>restin-</strong></span> 
     </span>
     <span class='ocr_line' id='line_1_13' title="bbox 354 1840 1175 1939; baseline -0.001 -23"><span class='ocrx_word' id='word_1_87' title='bbox 354 1840 482 1936; x_wconf 75' lang='lat' dir='ltr'><strong>guebat,</strong></span> <span class='ocrx_word' id='word_1_88' title='bbox 499 1858 530 1917; x_wconf 94' lang='lat' dir='ltr'><strong>et</strong></span> <span class='ocrx_word' id='word_1_89' title='bbox 554 1870 622 1918; x_wconf 89' lang='lat' dir='ltr'><strong>eam</strong></span> <span class='ocrx_word' id='word_1_90' title='bbox 634 1860 801 1939; x_wconf 88' lang='lat' dir='ltr'><strong>postquam</strong></span> <span class='ocrx_word' id='word_1_91' title='bbox 823 1850 968 1916; x_wconf 81' lang='lat' dir='ltr'><strong>hauserat</strong></span> <span class='ocrx_word' id='word_1_92' title='bbox 981 1864 1053 1916; x_wconf 90' lang='lat' dir='ltr'><strong>caua</strong></span> <span class='ocrx_word' id='word_1_93' title='bbox 1067 1868 1175 1915; x_wconf 89' lang='lat' dir='ltr'><strong>manu.</strong></span> 
     </span>
    </p>

    <p class='ocr_par' dir='ltr' id='par_1_3' title="bbox 351 1954 1420 2686">
     <span class='ocr_line' id='line_1_14' title="bbox 359 1954 1418 2045; baseline -0.003 -21"><span class='ocrx_word' id='word_1_94' title='bbox 359 1984 361 1991; x_wconf 70' lang='lat'><em>,</em></span> <span class='ocrx_word' id='word_1_95' title='bbox 398 1955 484 2038; x_wconf 83' lang='lat' dir='ltr'><strong>Quid</strong></span> <span class='ocrx_word' id='word_1_96' title='bbox 498 1957 626 2025; x_wconf 87' lang='lat' dir='ltr'><strong>interim</strong></span> <span class='ocrx_word' id='word_1_97' title='bbox 642 1956 841 2045; x_wconf 77' lang='lat' dir='ltr'><strong>Aristippus?</strong></span> <span class='ocrx_word' id='word_1_98' title='bbox 855 1955 922 2044; x_wconf 93' lang='lat' dir='ltr'><strong>ipse</strong></span> <span class='ocrx_word' id='word_1_99' title='bbox 932 1956 1074 2045; x_wconf 86' lang='lat' dir='ltr'><strong>prolecto</strong></span> <span class='ocrx_word' id='word_1_100' title='bbox 1092 1954 1183 2036; x_wconf 87' lang='lat' dir='ltr'><strong>bibit,</strong></span> <span class='ocrx_word' id='word_1_101' title='bbox 1201 1954 1256 2023; x_wconf 88' lang='lat' dir='ltr'><strong>sed</strong></span> <span class='ocrx_word' id='word_1_102' title='bbox 1270 1954 1418 2036; x_wconf 87' lang='lat' dir='ltr'><strong>Chioum,</strong></span> 
     </span>
     <span class='ocr_line' id='line_1_15' title="bbox 356 2060 1419 2153; baseline -0.005 -22"><span class='ocrx_word' id='word_1_103' title='bbox 356 2078 460 2153; x_wconf 86' lang='lat' dir='ltr'><strong>troque</strong></span> <span class='ocrx_word' id='word_1_104' title='bbox 485 2064 587 2131; x_wconf 90' lang='lat' dir='ltr'><strong>solum</strong></span> <span class='ocrx_word' id='word_1_105' title='bbox 608 2064 647 2131; x_wconf 91' lang='lat' dir='ltr'><strong>ad</strong></span> <span class='ocrx_word' id='word_1_106' title='bbox 664 2065 852 2144; x_wconf 87' lang='lat' dir='ltr'><strong>satietatem,</strong></span> <span class='ocrx_word' id='word_1_107' title='bbox 880 2073 915 2129; x_wconf 93' lang='lat' dir='ltr'><strong>nt</strong></span> <span class='ocrx_word' id='word_1_108' title='bbox 938 2063 1108 2150; x_wconf 78' lang='lat' dir='ltr'><strong>Cambyses</strong></span> <span class='ocrx_word' id='word_1_109' title='bbox 1130 2061 1183 2130; x_wconf 93' lang='lat' dir='ltr'><strong>ille</strong></span> <span class='ocrx_word' id='word_1_110' title='bbox 1204 2062 1335 2129; x_wconf 88' lang='lat' dir='ltr'><strong>solebat.</strong></span> <span class='ocrx_word' id='word_1_111' title='bbox 1362 2060 1419 2128; x_wconf 92' lang='lat' dir='ltr'><strong>Cui</strong></span> 
     </span>
     <span class='ocr_line' id='line_1_16' title="bbox 355 2168 1420 2257; baseline -0.007 -16"><span class='ocrx_word' id='word_1_112' title='bbox 355 2169 487 2243; x_wconf 81' lang='lat' dir='ltr'><strong>enimin</strong></span> <span class='ocrx_word' id='word_1_113' title='bbox 498 2170 605 2238; x_wconf 89' lang='lat' dir='ltr'><strong>animo</strong></span> <span class='ocrx_word' id='word_1_114' title='bbox 619 2178 667 2238; x_wconf 89' lang='lat' dir='ltr'><strong>cst</strong></span> <span class='ocrx_word' id='word_1_115' title='bbox 679 2190 742 2237; x_wconf 89' lang='lat' dir='ltr'><strong>nou</strong></span> <span class='ocrx_word' id='word_1_116' title='bbox 763 2178 850 2238; x_wconf 93' lang='lat' dir='ltr'><strong>recte</strong></span> <span class='ocrx_word' id='word_1_117' title='bbox 860 2178 892 2236; x_wconf 93' lang='lat' dir='ltr'><strong>et</strong></span> <span class='ocrx_word' id='word_1_118' title='bbox 916 2170 1076 2257; x_wconf 89' lang='lat' dir='ltr'><strong>sapienter</strong></span> <span class='ocrx_word' id='word_1_119' title='bbox 1093 2168 1210 2249; x_wconf 83' lang='lat' dir='ltr'><strong>uiuere,</strong></span> <span class='ocrx_word' id='word_1_120' title='bbox 1235 2168 1290 2236; x_wconf 89' lang='lat' dir='ltr'><strong>scd</strong></span> <span class='ocrx_word' id='word_1_121' title='bbox 1305 2169 1420 2256; x_wconf 85' lang='lat' dir='ltr'><strong>jucun-</strong></span> 
     </span>
     <span class='ocr_line' id='line_1_17' title="bbox 354 2273 1419 2366; baseline -0.005 -20"><span class='ocrx_word' id='word_1_122' title='bbox 354 2279 406 2359; x_wconf 87' lang='lat' dir='ltr'><strong>de,</strong></span> <span class='ocrx_word' id='word_1_123' title='bbox 417 2285 450 2344; x_wconf 88' lang='lat' dir='ltr'><strong>ct</strong></span> <span class='ocrx_word' id='word_1_124' title='bbox 461 2276 632 2366; x_wconf 86' lang='lat' dir='ltr'><strong>impulsum</strong></span> <span class='ocrx_word' id='word_1_125' title='bbox 640 2288 759 2344; x_wconf 87' lang='lat' dir='ltr'><strong>naturae</strong></span> <span class='ocrx_word' id='word_1_126' title='bbox 768 2286 917 2364; x_wconf 88' lang='lat' dir='ltr'><strong>tanquam</strong></span> <span class='ocrx_word' id='word_1_127' title='bbox 925 2274 1028 2346; x_wconf 87' lang='lat' dir='ltr'><strong>Deum</strong></span> <span class='ocrx_word' id='word_1_128' title='bbox 1038 2296 1132 2341; x_wconf 90' lang='lat' dir='ltr'><strong>suum</strong></span> <span class='ocrx_word' id='word_1_129' title='bbox 1143 2273 1419 2344; x_wconf 86' lang='lat' dir='ltr'><strong>reuereri.Similis</strong></span> 
     </span>
     <span class='ocr_line' id='line_1_18' title="bbox 353 2381 1416 2473; baseline -0.004 -20"><span class='ocrx_word' id='word_1_130' title='bbox 353 2381 462 2453; x_wconf 83' lang='lat' dir='ltr'><strong>bestiae</strong></span> <span class='ocrx_word' id='word_1_131' title='bbox 482 2383 645 2473; x_wconf 81' lang='lat' dir='ltr'><strong>disciplina</strong></span> <span class='ocrx_word' id='word_1_132' title='bbox 659 2383 710 2452; x_wconf 90' lang='lat' dir='ltr'><strong>oni</strong></span> <span class='ocrx_word' id='word_1_133' title='bbox 722 2402 824 2451; x_wconf 92' lang='lat' dir='ltr'><strong>unum</strong></span> <span class='ocrx_word' id='word_1_134' title='bbox 838 2382 869 2450; x_wconf 95' lang='lat' dir='ltr'><strong>id</strong></span> <span class='ocrx_word' id='word_1_135' title='bbox 895 2390 1086 2471; x_wconf 88' lang='lat' dir='ltr'><strong>praeceptum</strong></span> <span class='ocrx_word' id='word_1_136' title='bbox 1112 2391 1223 2449; x_wconf 89' lang='lat' dir='ltr'><strong>natura</strong></span> <span class='ocrx_word' id='word_1_137' title='bbox 1237 2381 1416 2463; x_wconf 84' lang='lat' dir='ltr'><strong>inculcavit,</strong></span> 
     </span>
     <span class='ocr_line' id='line_1_19' title="bbox 352 2488 1415 2579; baseline -0.003 -19"><span class='ocrx_word' id='word_1_138' title='bbox 352 2503 386 2561; x_wconf 91' lang='lat' dir='ltr'><strong>ut</strong></span> <span class='ocrx_word' id='word_1_139' title='bbox 398 2510 434 2559; x_wconf 86' lang='lat' dir='ltr'><strong>se</strong></span> <span class='ocrx_word' id='word_1_140' title='bbox 445 2502 546 2560; x_wconf 71' lang='lat' dir='ltr'><strong>serum</strong></span> <span class='ocrx_word' id='word_1_141' title='bbox 561 2503 594 2559; x_wconf 88' lang='lat' dir='ltr'><strong>et</strong></span> <span class='ocrx_word' id='word_1_142' title='bbox 606 2490 751 2579; x_wconf 83' lang='lat' dir='ltr'><strong>gaudeat.</strong></span> <span class='ocrx_word' id='word_1_143' title='bbox 769 2490 974 2560; x_wconf 83' lang='lat' dir='ltr'><strong>Gaudeamus</strong></span> <span class='ocrx_word' id='word_1_144' title='bbox 992 2490 1101 2577; x_wconf 82' lang='lat' dir='ltr'><strong>igitur,</strong></span> <span class='ocrx_word' id='word_1_145' title='bbox 1126 2488 1169 2555; x_wconf 91' lang='lat' dir='ltr'><strong>ait</strong></span> <span class='ocrx_word' id='word_1_146' title='bbox 1184 2489 1255 2573; x_wconf 90' lang='lat' dir='ltr'><strong>iste,</strong></span> <span class='ocrx_word' id='word_1_147' title='bbox 1279 2510 1415 2578; x_wconf 87' lang='lat' dir='ltr'><strong>eumque</strong></span> 
     </span>
     <span class='ocr_line' id='line_1_20' title="bbox 351 2596 1416 2686; baseline -0.002 -21"><span class='ocrx_word' id='word_1_148' title='bbox 351 2598 456 2667; x_wconf 88' lang='lat' dir='ltr'><strong>uident</strong></span> <span class='ocrx_word' id='word_1_149' title='bbox 469 2618 560 2665; x_wconf 87' lang='lat' dir='ltr'><strong>suem</strong></span> <span class='ocrx_word' id='word_1_150' title='bbox 571 2619 604 2665; x_wconf 92' lang='lat' dir='ltr'><strong>se</strong></span> <span class='ocrx_word' id='word_1_151' title='bbox 618 2597 769 2665; x_wconf 86' lang='lat' dir='ltr'><strong>libentius</strong></span> <span class='ocrx_word' id='word_1_152' title='bbox 789 2597 821 2663; x_wconf 88' lang='lat' dir='ltr'><strong>in</strong></span> <span class='ocrx_word' id='word_1_153' title='bbox 837 2616 966 2665; x_wconf 88' lang='lat' dir='ltr'><strong>coenum</strong></span> <span class='ocrx_word' id='word_1_154' title='bbox 984 2596 1244 2685; x_wconf 74' lang='lat' dir='ltr'><strong>ingurgitantem</strong></span> <span class='ocrx_word' id='word_1_155' title='bbox 1257 2596 1290 2663; x_wconf 91' lang='lat' dir='ltr'><strong>in</strong></span> <span class='ocrx_word' id='word_1_156' title='bbox 1302 2597 1416 2686; x_wconf 82' lang='lat' dir='ltr'><strong>volup·</strong></span> 
     </span>
    </p>
   </div>
   <div class='ocr_carea' id='block_1_3' title="bbox 351 2700 1421 3222">
    <p class='ocr_par' dir='ltr' id='par_1_4' title="bbox 351 2700 1421 3222">
     <span class='ocr_line' id='line_1_21' title="bbox 351 2700 1418 2794; baseline -0.002 -20"><span class='ocrx_word' id='word_1_157' title='bbox 351 2716 433 2775; x_wconf 88' lang='lat' dir='ltr'><strong>tates</strong></span> <span class='ocrx_word' id='word_1_158' title='bbox 447 2724 620 2794; x_wconf 87' lang='lat' dir='ltr'><strong>sequoque</strong></span> <span class='ocrx_word' id='word_1_159' title='bbox 634 2702 818 2792; x_wconf 83' lang='lat' dir='ltr'><strong>ingurgitat.</strong></span> <span class='ocrx_word' id='word_1_160' title='bbox 848 2702 950 2772; x_wconf 91' lang='lat' dir='ltr'><strong>Simul</strong></span> <span class='ocrx_word' id='word_1_161' title='bbox 974 2704 1169 2793; x_wconf 88' lang='lat' dir='ltr'><strong>uoluptatem</strong></span> <span class='ocrx_word' id='word_1_162' title='bbox 1192 2703 1321 2787; x_wconf 87' lang='lat' dir='ltr'><strong>mentis,</strong></span> <span class='ocrx_word' id='word_1_163' title='bbox 1349 2700 1418 2792; x_wconf 81' lang='lat' dir='ltr'><strong>quae</strong></span> 
     </span>
     <span class='ocr_line' id='line_1_22' title="bbox 353 2809 1418 2901; baseline -0.004 -19"><span class='ocrx_word' id='word_1_164' title='bbox 353 2815 396 2883; x_wconf 89' lang='lat' dir='ltr'><strong>sit</strong></span> <span class='ocrx_word' id='word_1_165' title='bbox 408 2831 486 2901; x_wconf 90' lang='lat' dir='ltr'><strong>pura</strong></span> <span class='ocrx_word' id='word_1_166' title='bbox 499 2823 531 2880; x_wconf 90' lang='lat' dir='ltr'><strong>et</strong></span> <span class='ocrx_word' id='word_1_167' title='bbox 545 2812 667 2900; x_wconf 82' lang='lat' dir='ltr'><strong>integra</strong></span> <span class='ocrx_word' id='word_1_168' title='bbox 688 2822 718 2878; x_wconf 90' lang='lat' dir='ltr'><strong>et</strong></span> <span class='ocrx_word' id='word_1_169' title='bbox 733 2811 831 2877; x_wconf 90' lang='lat' dir='ltr'><strong>animi</strong></span> <span class='ocrx_word' id='word_1_170' title='bbox 842 2809 979 2899; x_wconf 84' lang='lat' dir='ltr'><strong>aequitati</strong></span> <span class='ocrx_word' id='word_1_171' title='bbox 994 2809 1330 2894; x_wconf 84' lang='lat' dir='ltr'><strong>accommodatissima,</strong></span> <span class='ocrx_word' id='word_1_172' title='bbox 1354 2811 1418 2878; x_wconf 93' lang='lat' dir='ltr'><strong>mi-</strong></span> 
     </span>
     <span class='ocr_line' id='line_1_23' title="bbox 355 2915 1421 3007; baseline -0.002 -19"><span class='ocrx_word' id='word_1_173' title='bbox 355 2920 434 2989; x_wconf 84' lang='lat' dir='ltr'><strong>trihrl</strong></span> <span class='ocrx_word' id='word_1_174' title='bbox 449 2919 533 3000; x_wconf 85' lang='lat' dir='ltr'><strong>lacit,</strong></span> <span class='ocrx_word' id='word_1_175' title='bbox 547 2918 626 2986; x_wconf 91' lang='lat' dir='ltr'><strong>adeo</strong></span> <span class='ocrx_word' id='word_1_176' title='bbox 640 2927 676 2985; x_wconf 92' lang='lat' dir='ltr'><strong>ut</strong></span> <span class='ocrx_word' id='word_1_177' title='bbox 686 2917 830 2984; x_wconf 84' lang='lat' dir='ltr'><strong>rideatur</strong></span> <span class='ocrx_word' id='word_1_178' title='bbox 843 2918 903 2986; x_wconf 92' lang='lat' dir='ltr'><strong>iste</strong></span> <span class='ocrx_word' id='word_1_179' title='bbox 916 2915 1044 3006; x_wconf 82' lang='lat' dir='ltr'><strong>Gryllus</strong></span> <span class='ocrx_word' id='word_1_180' title='bbox 1055 2937 1150 3007; x_wconf 86' lang='lat' dir='ltr'><strong>quem</strong></span> <span class='ocrx_word' id='word_1_181' title='bbox 1169 2915 1356 2987; x_wconf 87' lang='lat' dir='ltr'><strong>Plutarchus</strong></span> <span class='ocrx_word' id='word_1_182' title='bbox 1371 2918 1421 2986; x_wconf 86' lang='lat' dir='ltr'><strong>iu·</strong></span> 
     </span>
     <span class='ocr_line' id='line_1_24' title="bbox 351 3013 1419 3114; baseline -0.002 -20"><span class='ocrx_word' id='word_1_183' title='bbox 351 3013 438 3094; x_wconf 90' lang='lat' dir='ltr'><strong>ducit</strong></span> <span class='ocrx_word' id='word_1_184' title='bbox 452 3036 562 3094; x_wconf 87' lang='lat' dir='ltr'><strong>contra</strong></span> <span class='ocrx_word' id='word_1_185' title='bbox 580 3027 727 3094; x_wconf 88' lang='lat' dir='ltr'><strong>humanae</strong></span> <span class='ocrx_word' id='word_1_186' title='bbox 741 3023 935 3093; x_wconf 89' lang='lat' dir='ltr'><strong>conditionis</strong></span> <span class='ocrx_word' id='word_1_187' title='bbox 958 3025 1040 3092; x_wconf 92' lang='lat' dir='ltr'><strong>bona</strong></span> <span class='ocrx_word' id='word_1_188' title='bbox 1061 3025 1287 3114; x_wconf 86' lang='lat' dir='ltr'><strong>disputantem,</strong></span> <span class='ocrx_word' id='word_1_189' title='bbox 1316 3024 1419 3114; x_wconf 86' lang='lat' dir='ltr'><strong>Cyre-</strong></span> 
     </span>
     <span class='ocr_line' id='line_1_25' title="bbox 351 3130 1413 3222; baseline -0.002 -22"><span class='ocrx_word' id='word_1_190' title='bbox 351 3133 515 3202; x_wconf 83' lang='lat' dir='ltr'><strong>naicorum</strong></span> <span class='ocrx_word' id='word_1_191' title='bbox 534 3132 632 3200; x_wconf 89' lang='lat' dir='ltr'><strong>libros</strong></span> <span class='ocrx_word' id='word_1_192' title='bbox 646 3131 821 3222; x_wconf 86' lang='lat' dir='ltr'><strong>impensius</strong></span> <span class='ocrx_word' id='word_1_193' title='bbox 839 3132 1008 3200; x_wconf 87' lang='lat' dir='ltr'><strong>lectitasse.</strong></span> <span class='ocrx_word' id='word_1_194' title='bbox 1034 3131 1103 3220; x_wconf 88' lang='lat' dir='ltr'><strong>lpse</strong></span> <span class='ocrx_word' id='word_1_195' title='bbox 1122 3153 1197 3200; x_wconf 80' lang='lat' dir='ltr'><strong>uero</strong></span> <span class='ocrx_word' id='word_1_196' title='bbox 1223 3130 1413 3220; x_wconf 79' lang='lat' dir='ltr'><strong>Cyrenaicus</strong></span> 
     </span>
    </p>
   </div>
   <div class='ocr_carea' id='block_1_4' title="bbox 346 3237 1496 4294">
    <p class='ocr_par' dir='ltr' id='par_1_5' title="bbox 346 3237 1496 4294">
     <span class='ocr_line' id='line_1_26' title="bbox 350 3237 1417 3328; baseline -0.006 -18"><span class='ocrx_word' id='word_1_197' title='bbox 350 3239 455 3310; x_wconf 82' lang='lat' dir='ltr'><strong>nullos</strong></span> <span class='ocrx_word' id='word_1_198' title='bbox 470 3240 548 3309; x_wconf 91' lang='lat' dir='ltr'><strong>alios</strong></span> <span class='ocrx_word' id='word_1_199' title='bbox 559 3240 664 3328; x_wconf 82' lang='lat' dir='ltr'><strong>legere</strong></span> <span class='ocrx_word' id='word_1_200' title='bbox 678 3249 777 3307; x_wconf 91' lang='lat' dir='ltr'><strong>curat.</strong></span> <span class='ocrx_word' id='word_1_201' title='bbox 795 3238 942 3306; x_wconf 90' lang='lat' dir='ltr'><strong>Carmina</strong></span> <span class='ocrx_word' id='word_1_202' title='bbox 956 3237 1085 3306; x_wconf 90' lang='lat' dir='ltr'><strong>enimet</strong></span> <span class='ocrx_word' id='word_1_203' title='bbox 1106 3239 1246 3306; x_wconf 85' lang='lat' dir='ltr'><strong>historiae</strong></span> <span class='ocrx_word' id='word_1_204' title='bbox 1269 3247 1301 3307; x_wconf 90' lang='lat' dir='ltr'><strong>ct</strong></span> <span class='ocrx_word' id='word_1_205' title='bbox 1314 3248 1417 3306; x_wconf 90' lang='lat' dir='ltr'><strong>cetera</strong></span> 
     </span>
     <span class='ocr_line' id='line_1_27' title="bbox 348 3346 1417 3435; baseline -0.007 -18"><span class='ocrx_word' id='word_1_206' title='bbox 348 3347 439 3417; x_wconf 84' lang='lat' dir='ltr'><strong>istius</strong></span> <span class='ocrx_word' id='word_1_207' title='bbox 455 3347 540 3417; x_wconf 89' lang='lat' dir='ltr'><strong>modi</strong></span> <span class='ocrx_word' id='word_1_208' title='bbox 566 3348 643 3415; x_wconf 90' lang='lat' dir='ltr'><strong>uihil</strong></span> <span class='ocrx_word' id='word_1_209' title='bbox 658 3347 697 3414; x_wconf 90' lang='lat' dir='ltr'><strong>ad</strong></span> <span class='ocrx_word' id='word_1_210' title='bbox 714 3347 838 3415; x_wconf 79' lang='lat' dir='ltr'><strong>vivendi</strong></span> <span class='ocrx_word' id='word_1_211' title='bbox 854 3347 1048 3435; x_wconf 88' lang='lat' dir='ltr'><strong>uoluptatem</strong></span> <span class='ocrx_word' id='word_1_212' title='bbox 1074 3346 1254 3427; x_wconf 88' lang='lat' dir='ltr'><strong>conlemnt,</strong></span> <span class='ocrx_word' id='word_1_213' title='bbox 1282 3363 1417 3434; x_wconf 82' lang='lat' dir='ltr'><strong>cumque</strong></span> 
     </span>
     <span class='ocr_line' id='line_1_28' title="bbox 349 3451 1496 3544; baseline -0.004 -20"><span class='ocrx_word' id='word_1_214' title='bbox 349 3466 415 3524; x_wconf 85' lang='lat' dir='ltr'><strong>uon</strong></span> <span class='ocrx_word' id='word_1_215' title='bbox 429 3465 577 3544; x_wconf 87' lang='lat' dir='ltr'><strong>appareat</strong></span> <span class='ocrx_word' id='word_1_216' title='bbox 591 3454 697 3536; x_wconf 89' lang='lat' dir='ltr'><strong>bruta,</strong></span> <span class='ocrx_word' id='word_1_217' title='bbox 715 3453 801 3542; x_wconf 90' lang='lat' dir='ltr'><strong>quod</strong></span> <span class='ocrx_word' id='word_1_218' title='bbox 816 3453 985 3522; x_wconf 87' lang='lat' dir='ltr'><strong>Hectorem</strong></span> <span class='ocrx_word' id='word_1_219' title='bbox 1012 3453 1171 3541; x_wconf 82' lang='lat' dir='ltr'><strong>ignorant,</strong></span> <span class='ocrx_word' id='word_1_220' title='bbox 1190 3453 1299 3520; x_wconf 90' lang='lat' dir='ltr'><strong>minus</strong></span> <span class='ocrx_word' id='word_1_221' title='bbox 1312 3451 1416 3520; x_wconf 75' lang='lat' dir='ltr'><strong>rivere</strong></span> <span class='ocrx_word' id='word_1_222' title='bbox 1493 3483 1496 3491; x_wconf 94' lang='lat'><em>·</em></span> 
     </span>
     <span class='ocr_line' id='line_1_29' title="bbox 348 3548 1418 3648; baseline -0.01 -17"><span class='ocrx_word' id='word_1_223' title='bbox 348 3548 496 3644; x_wconf 68' lang='lat' dir='ltr'><strong>suaviter,</strong></span> <span class='ocrx_word' id='word_1_224' title='bbox 513 3561 601 3629; x_wconf 88' lang='lat' dir='ltr'><strong>omrti</strong></span> <span class='ocrx_word' id='word_1_225' title='bbox 615 3561 719 3628; x_wconf 80' lang='lat' dir='ltr'><strong>studio</strong></span> <span class='ocrx_word' id='word_1_226' title='bbox 735 3559 856 3627; x_wconf 88' lang='lat' dir='ltr'><strong>liberali</strong></span> <span class='ocrx_word' id='word_1_227' title='bbox 878 3559 1029 3628; x_wconf 85' lang='lat' dir='ltr'><strong>nuntium</strong></span> <span class='ocrx_word' id='word_1_228' title='bbox 1041 3559 1212 3628; x_wconf 87' lang='lat' dir='ltr'><strong>remittit...</strong></span> <span class='ocrx_word' id='word_1_229' title='bbox 1231 3555 1260 3627; x_wconf 90' lang='lat'>0</span> <span class='ocrx_word' id='word_1_230' title='bbox 1281 3559 1336 3648; x_wconf 87' lang='lat' dir='ltr'><strong>qui</strong></span> <span class='ocrx_word' id='word_1_231' title='bbox 1349 3552 1418 3625; x_wconf 91' lang='lat' dir='ltr'><strong>ludi</strong></span> 
     </span>
     <span class='ocr_line' id='line_1_30' title="bbox 347 3661 1415 3758; baseline -0.009 -18"><span class='ocrx_word' id='word_1_232' title='bbox 347 3669 501 3758; x_wconf 75' lang='lat' dir='ltr'><strong>magistro</strong></span> <span class='ocrx_word' id='word_1_233' title='bbox 517 3669 636 3757; x_wconf 85' lang='lat' dir='ltr'><strong>alapam</strong></span> <span class='ocrx_word' id='word_1_234' title='bbox 652 3667 813 3756; x_wconf 82' lang='lat' dir='ltr'><strong>impegisti</strong></span> <span class='ocrx_word' id='word_1_235' title='bbox 840 3667 913 3755; x_wconf 79' lang='lat' dir='ltr'><strong>quia</strong></span> <span class='ocrx_word' id='word_1_236' title='bbox 931 3665 1107 3736; x_wconf 84' lang='lat' dir='ltr'><strong>llomerum</strong></span> <span class='ocrx_word' id='word_1_237' title='bbox 1144 3687 1206 3736; x_wconf 93' lang='lat' dir='ltr'><strong>non</strong></span> <span class='ocrx_word' id='word_1_238' title='bbox 1222 3661 1357 3735; x_wconf 89' lang='lat' dir='ltr'><strong>habebat</strong></span> <span class='ocrx_word' id='word_1_239' title='bbox 1381 3662 1415 3731; x_wconf 89' lang='lat' dir='ltr'><strong>iri</strong></span> 
     </span>
     <span class='ocr_line' id='line_1_31' title="bbox 348 3771 1417 3867; baseline -0.003 -23"><span class='ocrx_word' id='word_1_240' title='bbox 348 3785 508 3867; x_wconf 85' lang='lat' dir='ltr'><strong>promptu,</strong></span> <span class='ocrx_word' id='word_1_241' title='bbox 523 3773 609 3863; x_wconf 86' lang='lat' dir='ltr'><strong>quod</strong></span> <span class='ocrx_word' id='word_1_242' title='bbox 624 3773 697 3842; x_wconf 91' lang='lat' dir='ltr'><strong>mali</strong></span> <span class='ocrx_word' id='word_1_243' title='bbox 718 3795 822 3862; x_wconf 82' lang='lat' dir='ltr'><strong>genus</strong></span> <span class='ocrx_word' id='word_1_244' title='bbox 841 3773 893 3842; x_wconf 93' lang='lat' dir='ltr'><strong>isti</strong></span> <span class='ocrx_word' id='word_1_245' title='bbox 904 3773 1018 3842; x_wconf 86' lang='lat' dir='ltr'><strong>hclluae</strong></span> <span class='ocrx_word' id='word_1_246' title='bbox 1047 3773 1249 3842; x_wconf 87' lang='lat' dir='ltr'><strong>inferendum</strong></span> <span class='ocrx_word' id='word_1_247' title='bbox 1275 3771 1417 3844; x_wconf 79' lang='lat' dir='ltr'><strong>censos?</strong></span> 
     </span>
     <span class='ocr_line' id='line_1_32' title="bbox 347 3876 1417 3976; baseline -0.006 -25"><span class='ocrx_word' id='word_1_248' title='bbox 347 3880 482 3976; x_wconf 29' lang='lat' dir='ltr'><strong>Non-illi</strong></span> <span class='ocrx_word' id='word_1_249' title='bbox 496 3879 577 3949; x_wconf 85' lang='lat' dir='ltr'><strong>helle</strong></span> <span class='ocrx_word' id='word_1_250' title='bbox 591 3892 638 3949; x_wconf 89' lang='lat' dir='ltr'><strong>est</strong></span> <span class='ocrx_word' id='word_1_251' title='bbox 657 3900 735 3969; x_wconf 91' lang='lat' dir='ltr'><strong>quas</strong></span> <span class='ocrx_word' id='word_1_252' title='bbox 755 3888 846 3949; x_wconf 88' lang='lat' dir='ltr'><strong>vocet</strong></span> <span class='ocrx_word' id='word_1_253' title='bbox 869 3881 1011 3969; x_wconf 89' lang='lat' dir='ltr'><strong>stupidas</strong></span> <span class='ocrx_word' id='word_1_254' title='bbox 1044 3880 1182 3970; x_wconf 88' lang='lat' dir='ltr'><strong>pecudes</strong></span> <span class='ocrx_word' id='word_1_255' title='bbox 1203 3879 1349 3948; x_wconf 74' lang='lat' dir='ltr'><strong>imitari?</strong></span> <span class='ocrx_word' id='word_1_256' title='bbox 1375 3876 1417 3950; x_wconf 79' lang='lat' dir='ltr'><strong>hl</strong></span> 
     </span>
     <span class='ocr_line' id='line_1_33' title="bbox 346 3987 1416 4079; baseline -0.005 -19"><span class='ocrx_word' id='word_1_257' title='bbox 346 3993 432 4060; x_wconf 83' lang='lat' dir='ltr'><strong>eerte</strong></span> <span class='ocrx_word' id='word_1_258' title='bbox 447 3987 569 4078; x_wconf 84' lang='lat' dir='ltr'><strong>prolicit</strong></span> <span class='ocrx_word' id='word_1_259' title='bbox 584 3999 629 4062; x_wconf 85' lang='lat' dir='ltr'><strong>ut.</strong></span> <span class='ocrx_word' id='word_1_260' title='bbox 646 3988 881 4076; x_wconf 80' lang='lat' dir='ltr'><strong>comparatione</strong></span> <span class='ocrx_word' id='word_1_261' title='bbox 898 3989 991 4064; x_wconf 85' lang='lat' dir='ltr'><strong>faeta,</strong></span> <span class='ocrx_word' id='word_1_262' title='bbox 1007 3987 1169 4079; x_wconf 84' lang='lat' dir='ltr'><strong>Diogenes</strong></span> <span class='ocrx_word' id='word_1_263' title='bbox 1183 3987 1303 4077; x_wconf 85' lang='lat' dir='ltr'><strong>placeat</strong></span> <span class='ocrx_word' id='word_1_264' title='bbox 1316 3987 1416 4056; x_wconf 90' lang='lat' dir='ltr'><strong>multo</strong></span> 
     </span>
     <span class='ocr_line' id='line_1_34' title="bbox 346 4093 1413 4183; baseline -0.004 -20"><span class='ocrx_word' id='word_1_265' title='bbox 346 4095 448 4183; x_wconf 79' lang='lat' dir='ltr'><strong>magis</strong></span> <span class='ocrx_word' id='word_1_266' title='bbox 467 4093 592 4163; x_wconf 85' lang='lat' dir='ltr'><strong>sobrius</strong></span> <span class='ocrx_word' id='word_1_267' title='bbox 606 4093 638 4160; x_wconf 93' lang='lat' dir='ltr'><strong>in</strong></span> <span class='ocrx_word' id='word_1_268' title='bbox 652 4093 747 4162; x_wconf 90' lang='lat' dir='ltr'><strong>dolio.</strong></span> <span class='ocrx_word' id='word_1_269' title='bbox 764 4093 918 4178; x_wconf 79' lang='lat' dir='ltr'><strong>Quamvis</strong></span> <span class='ocrx_word' id='word_1_270' title='bbox 930 4093 1015 4163; x_wconf 89' lang='lat' dir='ltr'><strong>enim</strong></span> <span class='ocrx_word' id='word_1_271' title='bbox 1031 4093 1103 4163; x_wconf 82' lang='lat' dir='ltr'><strong>uitae</strong></span> <span class='ocrx_word' id='word_1_272' title='bbox 1115 4114 1217 4182; x_wconf 81' lang='lat' dir='ltr'><strong>genus</strong></span> <span class='ocrx_word' id='word_1_273' title='bbox 1242 4093 1413 4163; x_wconf 87' lang='lat' dir='ltr'><strong>instituerit</strong></span> 
     </span>
     <span class='ocr_line' id='line_1_35' title="bbox 347 4200 1417 4294; baseline 0 -24"><span class='ocrx_word' id='word_1_274' title='bbox 347 4207 458 4294; x_wconf 79' lang='lat' dir='ltr'><strong>partlm</strong></span> <span class='ocrx_word' id='word_1_275' title='bbox 471 4201 628 4270; x_wconf 80' lang='lat' dir='ltr'><strong>urbanum</strong></span> <span class='ocrx_word' id='word_1_276' title='bbox 652 4212 688 4270; x_wconf 91' lang='lat' dir='ltr'><strong>et·</strong></span> <span class='ocrx_word' id='word_1_277' title='bbox 706 4200 809 4285; x_wconf 80' lang='lat' dir='ltr'><strong>ciuile,</strong></span> <span class='ocrx_word' id='word_1_278' title='bbox 832 4222 897 4271; x_wconf 92' lang='lat' dir='ltr'><strong>nou</strong></span> <span class='ocrx_word' id='word_1_279' title='bbox 923 4221 1051 4272; x_wconf 87' lang='lat' dir='ltr'><strong>omnem</strong></span> <span class='ocrx_word' id='word_1_280' title='bbox 1078 4222 1208 4291; x_wconf 91' lang='lat' dir='ltr'><strong>operam</strong></span> <span class='ocrx_word' id='word_1_281' title='bbox 1233 4201 1363 4272; x_wconf 81' lang='lat' dir='ltr'><strong>adhibet</strong></span> <span class='ocrx_word' id='word_1_282' title='bbox 1382 4213 1417 4270; x_wconf 94' lang='lat' dir='ltr'><strong>ut</strong></span> 
     </span>
    </p>
   </div>
   <div class='ocr_carea' id='block_1_5' title="bbox 0 0 1600 5475">
    <p class='ocr_par' dir='ltr' id='par_1_6' title="bbox 0 0 1600 5475">
     <span class='ocr_line' id='line_1_36' title="bbox 0 0 1600 5475; baseline 0 3"><span class='ocrx_word' id='word_1_283' title='bbox 0 0 1600 5475; x_wconf 95' lang='lat' dir='ltr'><strong> </strong></span> 
     </span>
    </p>
   </div>
  </div>
 </body>
</html>
