3192 5475
672 680 679 693 .
780 656 823 670 ·-
848 614 892 687 38
915 658 960 669 -

331 758 599 850 hyposplragmate
614 759 756 829 laborant
770 759 886 828 dooere
907 738 1081 849 nogotio
1102 780 1174 849 qua
1185 758 1278 829 nobis
1290 770 1323 828 et
1337 760 1401 828 lor-

332 868 413 936 sitan
427 865 604 957 pecudibus
617 866 687 934 alba
709 866 885 935 ridentur?
912 865 987 935 Ideo
1011 866 1079 935 lieri
1103 877 1207 958 potest
1233 876 1269 934 ut
1291 866 1399 935 bestiae

328 993 401 1062 quae
421 973 646 1043 constitutione
668 972 808 1062 eorporis
836 983 869 1041 et
893 974 1124 1042 elementorum
1144 982 1396 1063 temperamento

330 1080 478 1149 differant
499 1101 518 1149 a
541 1081 644 1161 uobis,
661 1080 720 1149 etsi
742 1080 898 1148 contraria
922 1079 1039 1149 nostris
1061 1080 1219 1161 sensibus,
1236 1092 1341 1147 umen
1367 1090 1399 1145 et

331 1190 408 1278 ipsae
421 1185 593 1276 probabilia
615 1187 765 1255 sentiant.
793 1184 904 1254 Cetera
916 1189 1027 1255 eadem
1039 1186 1150 1255 lraude
1164 1186 1302 1274 Sooptioi
1323 1186 1398 1253 des·

332 1305 456 1375 truunt,
470 1292 591 1360 etnihil
606 1293 728 1363 homini
747 1292 932 1380 relinquunt
943 1292 1030 1381 quod
1053 1312 1118 1361 non
1141 1292 1174 1360 in
1187 1293 1284 1360 mutis
1302 1293 1397 1360 etiam

328 1401 503 1469 inveniant.
531 1398 685 1468 Nonnulli
716 1413 821 1468 tamen
842 1400 1030 1468 memoriam
1053 1399 1227 1489 excipiunt,
1250 1420 1311 1488 qna
1333 1401 1399 1469 sola

331 1516 459 1598 praestet
473 1509 569 1575 homo
582 1507 697 1575 ceteris
712 1505 914 1587 animalibus,
931 1506 1009 1573 dum
1017 1518 1120 1595 potest
1133 1506 1290 1595 praeterita
1306 1506 1397 1595 longe

329 1624 482 1704 repetere.
495 1614 605 1683 Plures
614 1625 721 1681 autern
731 1612 1178 1703 (utinvenitnrapudSertum
1189 1612 1396 1702 Empiricnm)

331 1742 402 1812 quae
426 1720 621 1790 rationabilia
647 1730 679 1788 et
703 1718 926 1788 irrationabilia
945 1719 1094 1787 animalia
1117 1719 1267 1787 dicuntur
1285 1719 1396 1787 eadem

330 1828 449 1897 trutina
463 1828 632 1918 pensitant.
648 1824 721 1895 Pari
745 1824 832 1893 enim
855 1825 1008 1894 instructa
1024 1825 1216 1913 imaginandi
1230 1825 1390 1906 facultate,

332 1934 399 2025 pari
422 1954 550 2023 quoque
575 1932 682 2020 vigent
706 1931 882 2013 intellectu,
911 1942 1071 2020 utcunque
1096 1931 1266 2014 imbecillo,
1295 1952 1399 2022 neque

330 2040 453 2111 veritati
476 2040 682 2129 assequendae
694 2038 818 2106 idoneo.
842 2038 962 2107 Sicisti
988 2038 1155 2119 rationem,
1173 2060 1236 2126 qua
1259 2038 1337 2106 nibil
1351 2050 1399 2107 est

332 2149 362 2215 in
377 2147 507 2215 homine
534 2146 745 2233 praestantius,
769 2144 907 2235 abjicere
927 2144 1044 2214 misere
1069 2143 1209 2228 student,
1236 2156 1271 2213 ut
1295 2158 1399 2216 erecta

331 2254 396 2323 lere
407 2256 447 2323 ad
461 2263 601 2321 nostram
616 2252 830 2322 conditionem
844 2250 960 2332 bellua,
985 2252 1177 2321 confidentia
1197 2253 1335 2321 hominis
1350 2273 1399 2321 re·

332 2360 494 2428 tundatur.
509 2358 574 2428 Sed
587 2380 625 2427 ea
636 2359 799 2447 castigatio
814 2359 938 2447 gravior
951 2358 1086 2437 homini,
1103 2357 1226 2449 ipsique
1240 2360 1309 2429 Deo
1322 2380 1400 2429 eon-

331 2467 511 2548 tumeliosa‚
541 2466 704 2535 hominem
729 2464 849 2535 seilicet
877 2465 1046 2535 detrudere
1074 2464 1107 2533 iu
1147 2466 1242 2551 ieras,
1269 2466 1399 2556 perinde

331 2572 422 2665 quasi
436 2582 561 2641 mortua
573 2590 704 2661 corpora
717 2571 837 2639 vineias
850 2592 923 2639 cum
946 2571 1038 2652 rivis,
1054 2583 1088 2639 et
1109 2592 1184 2641 eum
1206 2582 1271 2640 tam
1284 2574 1399 2642 ducere

332 2680 427 2749 uilem
454 2680 506 2768 qui
530 2677 617 2747 solus
641 2677 725 2746 inter
749 2676 928 2746 animantes
952 2687 1075 2747 naturae
1101 2697 1138 2746 ae
1160 2677 1211 2747 sui
1234 2691 1397 2768 parentem

333 2787 436 2857 Deum
449 2785 606 2875 optimum
620 2785 793 2854 maximum
809 2785 975 2874 intelligit.
