3192 5475
739 464 916 533 ..ις-ι..

287 625 352 675 non
366 606 506 677 utantur.
524 604 671 679 Barbaris
683 606 752 675 istis
764 604 949 677 hominibus
963 626 1020 675 sua
1033 618 1084 677 est
1097 609 1265 702 uernacula
1287 610 1353 681 lin-

285 730 360 807 gua,
381 710 472 781 sicuti
485 712 596 781 bestiis
611 712 755 803 proprius
771 713 900 802 quidam
912 725 944 781 et
956 712 1084 803 gentilis
1096 714 1286 785 intellectus.

331 816 403 887 Non
418 818 513 887 modo
526 841 581 888 sua
595 819 721 888 virtutis
740 820 847 909 inopia
860 819 969 889 bestiae
980 819 1158 909 objicitura
1172 821 1301 907 Stoicis,
1318 845 1360 895 ne

285 927 448 1011 intellectu
464 926 594 1015 praedita
615 927 749 1009 dicatur,
771 947 882 994 verum
905 926 1048 995 etiamid
1074 926 1172 1016 quod,
1194 929 1221 997 si
1243 929 1360 999 mentis
1387 978 1393 989 ·

285 1043 334 1105 est
347 1032 682 1125 particeps,periuique
692 1033 836 1115 lecimus,
846 1033 959 1101 animal
968 1034 1069 1102 nostri
1079 1034 1217 1123 perieris,
1226 1049 1358 1109 nostrae

286 1159 349 1231 que
364 1150 485 1209 neturae
514 1139 699 1209 occidendo.
715 1139 827 1229 ltaque
840 1157 882 1210 ne
895 1140 928 1207 in
947 1140 1024 1208 illud
1038 1139 1163 1229 injuriee
1175 1143 1294 1211 erineo
1306 1143 1352 1213 iu·

286 1266 463 1328 curramus,
485 1246 631 1315 animalia
646 1246 730 1316 Zeno
757 1246 921 1315 intellectu
935 1266 1043 1316 cauere
1055 1248 1249 1335 pronuntiat.
1264 1246 1358 1331 Quod

286 1363 510 1443 argumentum
547 1352 694 1441 equidem
732 1354 858 1421 aestimo
886 1353 965 1421 tanti
993 1354 1103 1443 quanti
1142 1353 1358 1424 Cartesiauum

287 1458 382 1529 illud:
416 1486 432 1523 u
465 1458 587 1529 Sinon
616 1458 761 1527 machina
800 1459 887 1527 canis
918 1470 979 1540 est,
1014 1461 1104 1529 canis
1132 1460 1236 1529 animo
1274 1462 1360 1551 uiget

284 1565 469 1635 immortali.
486 1564 703 1635 Immortalem
713 1574 822 1634 autem
844 1565 981 1633 animam
996 1566 1167 1635 attribuere
1180 1567 1233 1635 isti
1249 1567 1359 1637 hestiae

284 1670 361 1740 mihi
387 1672 549 1741 odiosum.
581 1670 665 1762 Ergo
692 1671 836 1741 machina
864 1692 951 1741 mera
977 1672 1135 1741 cauis...»
1162 1672 1220 1742 His
1243 1672 1356 1743 Carte-

284 1779 352 1847 sius
374 1778 482 1869 adjicit
499 1802 507 1846 :
524 1803 539 1842 s
559 1778 668 1869 opinio
682 1798 752 1847 mea
768 1799 831 1847 non
848 1787 913 1848 tam
938 1780 1076 1847 crudelis
1102 1789 1150 1848 est
1170 1777 1359 1848 animalibus

287 1906 383 1975 quarn
398 1884 581 1953 horninibus
595 1885 707 1966 amica,
733 1906 806 1954 curn
833 1906 888 1954 eos
910 1886 999 1953 omui
1025 1885 1206 1975 suspicione
1230 1885 1358 1958 sceleris

284 1990 407 2071 liberet,
431 1991 507 2059 dum
538 1993 631 2060 bruta
656 1992 828 2059 comedunt
849 1992 1047 2061 occiduntve.
1074 1992 1117 2083 (o)
1140 1992 1281 2063 Certesio
1306 1994 1354 2063 si-

286 2097 411 2167 molet
441 2096 558 2167 Stoicis
582 2097 771 2167 Plutarchus
798 2099 1003 2188 respondebit
1026 2100 1120 2169 malle
1145 2119 1192 2182 se,
1217 2100 1244 2169 si
1271 2120 1352 2191 opus

283 2204 379 2288 foret,
409 2203 556 2273 nonnihil
584 2203 771 2273 sceleratum
797 2217 830 2275 et
857 2205 1012 2294 injustum
1039 2208 1203 2277 hominem
1224 2206 1352 2283 habere.

284 2331 381 2401 quam
400 2310 547 2379 animalia
573 2310 704 2379 minime
725 2310 945 2401 intelligentia.
976 2311 1040 2380 Sed
1065 2314 1105 2381 ad
1128 2324 1275 2382 neutrum
1291 2313 1357 2381 adi-

283 2418 381 2507 geris.
407 2416 490 2487 Nam
517 2416 658 2485 interimi
683 2417 805 2487 bestias
829 2438 894 2487 uon
910 2419 977 2488 luaee
991 2419 1070 2487 milri
1093 2418 1357 2489 saevitiaautcru-

284 2523 396 2594 deliras
407 2544 479 2593 esse
489 2524 626 2606 uidetur,
642 2524 699 2593 sed
713 2524 820 2613 plotius
831 2526 1002 2595 necessitas
1012 2525 1204 2595 conditionis
1215 2525 1356 2595 belluino

283 2628 393 2719 generi
412 2629 591 2729 attributae.
606 2643 638 2699 et
662 2631 780 2699 melum
804 2631 956 2701 naturale.
975 2630 1028 2700 Sic
1055 2631 1254 2722 nosmetipsi,
1271 2653 1355 2723 quo·

283 2760 353 2808 rum
364 2739 463 2828 gratia
477 2747 603 2808 creatus
614 2759 687 2808 esse
702 2736 843 2808 mundus
855 2737 983 2821 dicitur,
1007 2736 1047 2830 (c)
1063 2750 1132 2808 tum
1152 2740 1308 2811 incendiis
1320 2755 1355 2812 et

283 2846 313 2914 vi
326 2846 494 2914 {luminum
507 2865 600 2935 supra
613 2844 695 2934 ripas
711 2845 946 2927 excedentium,
961 2862 1030 2913 tum
1040 2845 1134 2914 etiam
1148 2859 1240 2916 terrae
1254 2848 1352 2916 moti·

283 2952 343 3021 bus
357 2963 389 3020 et
402 2951 521 3020 montis
545 2950 704 3040 ignouomi
716 2951 891 3019 exundanti
909 2952 1052 3042 proluvie
1065 2951 1264 3041 oprimimur.
1280 2952 1357 3024 Ideo

283 3060 407 3149 quoties
418 3077 588 3146 erumpens
602 3079 620 3126 e
635 3058 720 3127 nube
732 3058 853 3126 lulrueu
868 3069 988 3127 loetum
1002 3059 1164 3128 hominem
1180 3061 1353 3136 examinat,

284 3186 348 3234 nou
364 3166 465 3254 magis
476 3178 526 3234 est
538 3163 594 3232 ulli
608 3165 696 3234 locus
724 3164 909 3254 indignandi
922 3183 1019 3254 quam
1033 3163 1060 3232 si
1073 3163 1207 3233 bestiola
1223 3165 1357 3255 pedibus

282 3271 472 3340 ambulantis
485 3272 660 3339 obteratur.
678 3270 797 3338 Natura
811 3270 897 3340 enim
914 3290 951 3339 ea
978 3281 1027 3338 est
1041 3291 1134 3359 quem
1149 3271 1356 3360 Empedocles

282 3387 314 3446 et
327 3376 506 3447 Heraclitus
521 3377 681 3446 inimicum
693 3387 725 3445 et
740 3387 879 3446 atrocem
894 3397 964 3446 esse
979 3376 1287 3466 meritoquereutur.
1299 3400 1355 3450 ne·

283 3486 394 3574 quoad
409 3483 568 3573 proposita
582 3504 638 3550 sua
650 3482 709 3550 uisi
726 3483 851 3574 pervim
863 3492 895 3552 et
905 3484 1023 3552 mulum
1038 3485 1214 3573 pervenire.
1228 3483 1354 3574 Quippe

281 3611 353 3681 qum
364 3591 513 3660 omuibus
526 3590 738 3658 animantibus
750 3611 840 3678 aequa
853 3611 979 3680 pareus,
997 3610 1073 3660 cura
1096 3603 1128 3660 et
1156 3590 1253 3662 ueluti
1274 3591 1355 3661 cari·
1474 3607 1482 3616 ’

282 3707 349 3765 tete
363 3697 458 3764 simili
470 3695 615 3766 videatur
628 3697 711 3766 feras
724 3697 821 3766 armis
833 3696 984 3766 adversus
999 3696 1173 3779 hominem,
1190 3696 1353 3767 hominem

319 3936 355 4010 (nl
369 3937 411 3996 cl.
427 3938 543 4010 cousin,
565 3944 609 3996 to·
631 3937 685 3998 vol.
712 3955 739 4012 p.
764 3939 825 4011 190,
842 3942 905 4013 tot,
924 3945 952 3996 et
971 3940 1114 4013 lletaphy.
1141 3941 1177 3999 de
1202 3943 1354 4012 noscentes,

282 4024 390 4086 dlitlon
409 4029 522 4100 Gruyer‚
540 4043 568 4102 p.
582 4032 645 4100 ⁴25,
659 4033 720 4086 tte.

318 4131 350 4211 (e)
365 4150 380 4188 ι
394 4132 534 4193 ancienne
547 4133 621 4196 mari
631 4149 673 4198 roe
687 4149 763 4194 assez
778 4133 886 4194 do'erieo
900 4133 1121 4211 »ditlbolbuite
1131 4133 1233 4203 ¹llrdod.
1247 4149 1275 4215 p.
1289 4140 1352 4200 tot·
