3192 5475
813 548 992 616 4τῇ-

372 688 423 759 sit.
438 728 483 741 -
504 688 570 759 Etsi
584 675 817 779 percopiionem
839 711 947 760 rerum
969 690 1094 759 animati
1121 691 1209 760 omni
1223 690 1433 761 necessariam

374 816 445 866 csse
458 799 529 886 quis
539 816 602 865 non
617 797 728 865 ridet?
752 798 786 867 Si
800 798 886 866 euim
911 809 1000 866 muta
1020 816 1125 866 ceram
1139 799 1278 867 referant
1290 797 1342 865 cui
1360 816 1434 865 ues-

370 902 465 971 cieuti
484 902 578 991 sigilli
604 914 678 973 nota
696 904 896 993 imprimitur,
924 908 979 994 qut
994 904 1116 993 possint
1140 904 1236 973 rebus
1262 913 1430 984 commota,

371 1009 428 1079 sed
444 1009 623 1097 incognitis,
636 1010 729 1079 saluti
741 1012 1011 1080 suaeconsulerc?
1033 1011 1114 1079 Rem
1137 1022 1203 1079 tam
1222 1011 1348 1101 pinnam
1361 1028 1432 1077 esse

371 1116 503 1185 dixerim
519 1132 553 1183 ut
576 1138 669 1185 nemo
682 1138 777 1186 sonus
803 1117 938 1195 haesitet3
966 1138 1067 1207 neque
1095 1117 1140 1198 id,
1169 1129 1258 1206 puto,
1284 1115 1430 1203 Plotiuus

371 1244 508 1311 unquam
522 1223 637 1311 rejecit.
654 1222 687 1290 Si
699 1244 772 1292 vero
786 1224 954 1305 consentit,
969 1244 1100 1291 necesse
1125 1232 1174 1291 est
1187 1222 1271 1291 aliud
1284 1221 1433 1290 attribuat

369 1329 479 1398 bestiae
492 1350 587 1418 qnam
602 1350 672 1418 qnae
684 1329 886 1398 irrationabili
898 1331 1011 1397 auimae
1025 1329 1200 1417 adscripsit.

413 1434 482 1505 Jam
497 1456 513 1503 a
526 1436 727 1524 perceptione
738 1437 776 1503 ad
790 1435 1061 1504 ratiocinationem
1074 1445 1106 1503 et
1114 1435 1296 1523 opinionem
1307 1444 1431 1503 trause-

370 1562 471 1610 amus.
500 1542 678 1609 arbitratur
688 1541 833 1611 Plotinus
842 1542 1044 1631 perceptione
1056 1541 1228 1610 ministrari
1236 1562 1342 1609 rerum
1355 1543 1432 1609 ima·

368 1648 460 1736 gines
475 1660 506 1717 et
518 1650 635 1718 formas
647 1670 717 1737 quae
731 1650 794 1717 sint
809 1648 958 1739 opinandi
971 1658 1003 1717 et
1022 1648 1265 1737 argumentandi
1286 1650 1428 1717 materia.

371 1753 450 1823 Cum
465 1767 571 1825 autem
590 1756 699 1823 formae
725 1755 784 1823 illae
798 1775 962 1844 nunquam
985 1775 1003 1822 a
1018 1754 1116 1822 mutis
1129 1754 1356 1843 percipiantur,
1370 1775 1432 1823 ne-

369 1880 432 1949 que
451 1862 570 1950 opinio,
597 1882 700 1951 neque
721 1862 916 1931 ratiocinatio
940 1863 973 1929 iu
998 1861 1051 1927 iila
1071 1860 1350 1949 cadunt-Apte
1373 1860 1433 1929 dc-

369 1966 498 2034 ductum
511 1968 543 2033 id
559 1992 566 2049 ;
583 1968 639 2034 sed
653 1969 808 2037 concinne
824 1977 942 2037 structa
954 1966 1069 2036 domus
1089 1966 1165 2055 quid
1181 1966 1317 2055 proiicit,
1333 1965 1361 2033 si
1383 1966 1431 2032 la-

368 2072 456 2139 banti
478 2072 685 2142 fundamento
699 2074 810 2141 nititur
827 2075 844 2141 ‘2
859 2073 918 2141 Hic
941 2083 1048 2141 nutem
1073 2093 1137 2141 uon
1160 2072 1362 2162 perspicuum
1384 2083 1434 2141 est

369 2188 553 2267 argumenta
566 2201 658 2269 posse
681 2180 720 2249 de
735 2182 792 2247 alia
807 2201 843 2249 re
863 2179 1002 2268 qualibet
1025 2200 1120 2268 qnam
1134 2180 1174 2248 de
1199 2198 1308 2245 rerum
1321 2178 1433 2246 formis

368 2286 540 2353 concludi?
553 2287 605 2356 Sic
620 2308 762 2356 mecum:
783 2314 798 2350 «
814 2287 932 2355 Vinum
945 2288 1005 2355 boc
1016 2287 1095 2353 mihi
1109 2296 1205 2374 caput
1221 2285 1353 2352 tentarit
1368 2309 1376 2366 ;
1392 2306 1433 2353 eo

364 2390 429 2479 jam
444 2392 619 2460 abstinebo.
632 2418 648 2455 n
662 2393 811 2481 Numqua
822 2393 865 2459 ibi
877 2392 1051 2481 reperietur
1064 2392 1168 2480 imago
1181 2391 1231 2459 uel
1242 2391 1344 2458 forma
1356 2391 1402 2458 rei
1415 2391 1433 2456 ‘i

367 2500 472 2589 Atque
485 2501 614 2567 decane
628 2499 703 2567 item
718 2500 772 2588 qui
784 2499 868 2566 fuste
879 2519 981 2566 caesns
992 2499 1033 2567 ob
1044 2498 1177 2579 furtum,
1188 2497 1301 2566 asurto
1313 2518 1348 2565 se
1359 2516 1433 2585 pus·

368 2616 418 2673 tea
432 2605 583 2673 continet.
610 2605 786 2674 Involutam
812 2605 981 2693 quamdam
1008 2626 1067 2673 nec
1085 2605 1160 2672 satis
1180 2623 1361 2692 expressam
1376 2624 1432 2670 sc·

367 2732 440 2780 cnm
454 2712 549 2781 efficit
563 2712 834 2781 ratiocinationem
847 2737 854 2794 ;
871 2712 928 2781 scd
942 2712 1027 2779 uuila
1041 2712 1174 2780 admista
1203 2710 1247 2780 rei
1266 2709 1435 2800 cujustibet

368 2817 515 2906 imagine.
543 2818 630 2886 Licet
653 2818 750 2906 igitur
766 2818 990 2906 argumentari,
1006 2819 1056 2885 vel
1070 2818 1236 2885 deficiente
1250 2817 1323 2896 ista,
1338 2835 1433 2904 quam

367 2924 449 2992 male
464 2925 608 2993 Plotinus
619 2925 682 2991 huc
696 2925 824 3012 ingerit,
839 2934 1058 3012 perceptarum
1072 2924 1246 2991 formarum
1268 2924 1432 3010 excogita-

366 3029 464 3098 tione.
480 3029 575 3112 Quod
588 3051 663 3099 uero
675 3030 713 3098 ad
728 3031 955 3120 opinationem,
972 3051 1066 3120 quam
1080 3029 1223 3097 Plotinus
1242 3029 1351 3096 bestiae
1375 3029 1433 3095 in-

367 3134 462 3218 ridet,
479 3157 552 3205 cum
567 3136 619 3206 aiii
641 3137 814 3225 sapientem
835 3136 1085 3204 existimaverint
1107 3134 1230 3222 opinari
1249 3154 1427 3223 nunquam,

365 3239 417 3308 alii
437 3262 572 3332 semper,
588 3242 732 3310 animalia
760 3243 920 3310 interdum
941 3241 1062 3330 opinari
1083 3240 1254 3308 verisimile
1279 3251 1339 3308 cst.
1363 3239 1429 3309 Sed

365 3358 398 3414 et
412 3368 494 3436 saepe
508 3369 560 3416 res
580 3359 666 3417 certo
680 3357 909 3436 cognoverunt,
925 3348 984 3415 nisi
996 3349 1077 3415 sorte
1100 3357 1194 3434 putes
1213 3346 1363 3427 belluam,
1387 3347 1430 3414 ob

366 3455 559 3524 assensionis
572 3455 797 3537 retentionem,
819 3475 854 3522 se
873 3473 1024 3542 uuquam,
1040 3464 1077 3521 nt
1098 3453 1295 3540 Pyrrhonem
1308 3452 1429 3532 ferunt,

366 3559 398 3627 iu
412 3561 540 3628 fluvium
557 3561 735 3629 immisisse,

408 3667 457 3734 De
469 3667 622 3734 memoria
634 3667 778 3735 Plotinus
788 3676 880 3735 acute
896 3676 1010 3734 etverc
1022 3665 1121 3732 multa
1132 3663 1313 3753 disputavit.
1330 3663 1432 3731 Docet

365 3771 450 3840 enim
466 3793 535 3840 eam
549 3793 614 3840 non
628 3793 697 3842 esse
711 3772 896 3841 continuam
908 3773 1149 3862 impressionem
1171 3772 1203 3838 in
1225 3790 1320 3838 sensu
1336 3769 1380 3859 (r)
1392 3779 1429 3835 ut

363 3879 506 3947 nonnulii
532 3879 704 3962 finxerunt,
721 3899 825 3966 neque
852 3878 982 3966 vestigio
1008 3878 1143 3946 similem
1167 3876 1252 3965 qnod
1276 3875 1430 3943 inanima

400 4134 432 4208 (r)
456 4139 509 4194 Ista
524 4137 578 4195 tuit
595 4137 689 4210 opinio
709 4135 883 4208 Condillacii,
895 4137 1015 4213 ejusque
1025 4136 1234 4209 discipulorum.
1255 4134 1298 4194 ct.
1328 4133 1427 4195 aunon

364 4222 491 4284 discours
509 4223 592 4283 suria
610 4232 707 4283 nature
716 4224 766 4283 des
781 4224 924 4283 animeux.
