3192 5475
274 2444 406 2515 Proclns
420 2446 464 2539 (a)
479 2448 512 2516 in
536 2449 702 2518 brutorum
715 2450 820 2518 anima
844 2450 1047 2521 describenda
1071 2452 1187 2541 saepius
1208 2452 1290 2523 Por-

231 2552 342 2641 phyrio
357 2564 388 2621 et
400 2552 526 2623 Plotino
538 2556 634 2624 etiam
648 2577 757 2625 verum
771 2557 885 2646 attigit.
899 2557 972 2626 Non
987 2560 1071 2626 enim
1084 2558 1202 2627 oblitus
1212 2580 1292 2648 prae-

230 2660 312 2748 cepti
325 2661 507 2743 sui,omnes
517 2662 636 2730 animas
645 2663 685 2730 ab
696 2684 769 2746 una,
782 2673 932 2753 tanquam
941 2685 959 2731 a
969 2666 1036 2733 sole
1047 2666 1162 2750 radios,
1175 2666 1291 2751 emitti,

229 2769 451 2836 coneeditnon
475 2769 725 2838 modoanimalia
748 2771 940 2838 rationabilia
954 2770 987 2839 iu
1013 2773 1208 2845 consortium
1231 2793 1289 2840 ne-

230 2875 315 2943 nisse
330 2876 483 2944 universae
504 2876 587 2943 illius
607 2877 733 2957 mentis,
750 2877 912 2945 sedetiam
935 2878 993 2945 alia
1017 2899 1225 2967 quaecumque
1239 2879 1289 2946 la-

228 2983 380 3052 cultatem
393 2983 512 3051 habent
527 2983 746 3070 cognoscendi.
766 2983 1035 3053 «dnimuseoim
1046 2986 1191 3067 Divinus,
1217 2986 1295 3053 aui-

230 3111 356 3158 morum
379 3089 521 3158 omnium
549 3089 730 3172 seminator,
757 3089 934 3158 secundum
964 3103 1103 3159 mentem
1119 3091 1233 3180 digerit
1260 3103 1294 3160 et
1350 3168 1353 3177 ¹

228 3197 391 3265 constituit
406 3197 511 3264 onnnia
529 3216 600 3283 quae
611 3195 790 3283 cognitione
812 3208 958 3278 utuntur,
975 3197 1097 3264 etiamsi
1109 3199 1174 3265 sint
1186 3198 1291 3265 maxi-

228 3321 280 3369 me
292 3302 394 3368 bruta.
417 3328 432 3364 n
450 3299 487 3391 (c)
508 3300 592 3384 Quid
610 3311 714 3370 autem
730 3303 813 3369 inter
826 3302 918 3369 bruta
930 3303 989 3370 ista
1005 3313 1037 3371 et
1059 3303 1222 3371 hominem
1235 3303 1290 3372 io-

229 3407 368 3476 tererit‘?
384 3407 515 3474 Maxima
535 3429 596 3490 res,
614 3407 701 3476 natio.
716 3407 837 3476 Sensus
860 3408 956 3489 enim,
975 3409 1157 3496 imaginatio
1171 3419 1203 3476 et
1217 3408 1289 3498 opi-

227 3514 281 3582 nio
300 3514 472 3582 bestiarum
487 3515 579 3602 plane
601 3514 704 3582 aliena
718 3525 792 3582 sunt
819 3514 981 3594 aratione,
996 3514 1153 3602 siquidem
1177 3535 1289 3584 eorum

227 3621 343 3690 anxilio
357 3631 445 3688 muta
459 3642 510 3689 res
524 3621 713 3709 percipiunt,
727 3641 789 3688 non
813 3620 922 3708 quales
935 3632 1022 3703 sunt,
1039 3620 1095 3688 sed
1109 3621 1218 3708 quales
1238 3623 1290 3689 vi-

227 3731 356 3810 dentur,
373 3728 496 3796 sublata
510 3727 596 3796 omni
618 3727 732 3795 enoris
754 3727 933 3814 corrigendi
956 3727 1057 3815 copia.
1085 3726 1191 3796 Homo
1205 3729 1291 3796 enim

227 3856 300 3904 cum
314 3835 400 3903 videt
411 3835 558 3903 baculum
573 3834 605 3900 in
625 3855 704 3922 aqua
718 3833 886 3900 distortum
900 3843 931 3900 et
945 3844 1087 3922 ruptum,
1103 3834 1204 3903 oculis
1228 3835 1291 3902 mi·

262 4056 298 4130 (a)
314 4056 575 4115 Praestantissimam
589 4053 708 4128 Bergerli
722 4054 833 4113 Tnasim
853 4054 888 4112 de
902 4053 1000 4113 Proeto
1012 4054 1114 4126 saenins
1131 4055 1293 4116 adhibuisse

217 4153 273 4201 'me
285 4160 340 4202 non
356 4145 480 4217 poenitet.

259 4233 292 4306 (c)
312 4236 343 4292 ln
356 4234 478 4292 Platonis
489 4232 655 4307 theologiam
668 4234 713 4308 111,
735 4233 762 4296 l.
