3192 5475
713 498 891 567 „58-

260 638 370 728 opibus
383 648 490 708 contra
505 639 588 707 teras
606 640 804 707 instruxisse.
823 638 940 708 Eadem
953 640 1032 708 dixit
1045 640 1128 708 lcorri
1143 666 1150 709 :
1168 640 1329 711 hominem

259 766 334 815 rora
349 746 432 813 uude
446 745 595 834 pascaris;
617 746 756 813 homiui:
774 746 1007 824 leonumlonum
1025 748 1097 834 igne
1111 759 1143 813 et
1155 748 1272 835 ingenii
1289 750 1335 817 tui

237 986 240 993 ·
263 958 547 1047 impetudeleudit,
564 968 597 1025 ut
611 968 739 1046 apparet
754 958 786 1025 in
817 959 918 1027 baccis
943 960 1103 1026 nonnulli
1119 960 1268 1029 arborum
1283 973 1325 1042 ct,

264 1067 297 1133 iu
314 1065 367 1132 illo
383 1064 539 1153 praecipue
554 1064 724 1143 frumento,
751 1086 822 1152 qrrae
835 1086 928 1153 seges
954 1065 1153 1157 (aitTullins)
1170 1067 1336 1135 aristarum

216 1218 218 1223 ι
261 1171 341 1241 vallo
352 1184 459 1239 contra
469 1192 593 1238 morsus
608 1158 805 1238 minutorum
819 1173 922 1239 avium
934 1173 1057 1241 munita
1070 1185 1129 1241 est.
1144 1174 1333 1242 Haecantem

262 1274 329 1366 ipsa
342 1276 537 1344 munimenta
558 1276 640 1344 nito
655 1288 687 1344 et
699 1276 726 1343 vi
742 1288 884 1346 riaturam
898 1280 1008 1367 repleri
1023 1278 1162 1347 indicant
1186 1291 1217 1346 et
1239 1281 1336 1349 vitam

262 1384 357 1453 unius
371 1404 410 1451 cx
422 1382 550 1451 ulterius
562 1382 691 1450 interitu
706 1384 805 1451 nasci.
826 1384 919 1454 Unde
933 1384 1052 1454 dictum
1071 1405 1089 1452 a
1104 1398 1211 1453 uetere
1234 1386 1335 1473 philo·

262 1478 383 1587 sopho:
403 1521 419 1559 u
435 1495 558 1564 Bellum
583 1516 687 1564 rerum
709 1494 852 1564 omnium
867 1508 954 1585 pater
969 1524 976 1580 ;
994 1524 1009 1561 u
1025 1495 1182 1590 (πόλεμος
1196 1497 1337 1567 ἁπάντων

261 1604 979 1704 πατήρ).οιιοωἰιιυείιιάἰςηθωιπίιοηιῑηθω
1006 1610 1048 1678 ita
1081 1611 1340 1682 luisscauatura

262 1731 476 1808 comparatum
491 1726 524 1782 ut
542 1724 669 1804 propter
684 1714 754 1783 vitae
781 1716 1003 1785 necessitatem
1027 1718 1177 1788 existeret
1200 1720 1234 1787 iu
1254 1721 1337 1790 feras

263 1831 376 1901 Mortis
389 1828 536 1901 Minister
553 1828 628 1920 (Κήρ
643 1827 801 1919 Θανάτοιο)
817 1825 997 1897 Parendum
1006 1828 1102 1917 igitur
1114 1830 1175 1919 legi
1201 1844 1334 1911 araturae,

264 1948 296 2010 et
309 1936 421 2007 hestiis
433 1935 598 2004 utendum.
615 1935 710 2004 Nulla
728 1927 796 2004 lraec
814 1946 863 2003 est
878 1932 1017 2023 injuria,
1043 1936 1187 2023 quamvis
1216 1936 1334 2004 intelli·

268 2056 377 2204 gallatm
403 2129 659 2219 disquisitionem
688 2138 830 2199 nostram
858 2149 875 2198 a
899 2128 1117 2219 disputatione
1130 2130 1169 2198 ad
1190 2133 1335 2222 exempla

265 2238 483 2319 traducamus,
500 2237 591 2325 enjus
603 2236 649 2305 rei
666 2233 856 2306 Plutarchus
884 2236 976 2305 nobis
1002 2248 1050 2305 cst
1065 2247 1184 2305 auctor.
1205 2236 1238 2308 ls
1250 2238 1339 2307 euim

265 2367 329 2415 nou
352 2346 456 2415 solum
469 2356 657 2433 argumenta
682 2364 740 2433 pro
767 2342 942 2411 bestiarum
967 2341 1142 2424 intellectu,
1168 2344 1338 2413 sedetiam

266 2452 407 2543 exempla
424 2451 524 2520 multa
539 2450 680 2540 protulit.
707 2448 802 2519 Plura
828 2470 868 2518 ex
895 2449 946 2532 iis,
962 2470 1027 2518 nou
1042 2451 1260 2519 commentitia
1284 2451 1340 2519 sod

265 2580 350 2640 vera,
368 2579 474 2627 veram
494 2577 622 2646 quoquc
646 2554 848 2644 sagacitatem
876 2554 974 2623 mutis
996 2556 1101 2625 inesse
1132 2558 1333 2639 confirmant,

267 2676 303 2734 nt
314 2666 366 2733 illa
382 2664 549 2755 prudentia
562 2662 816 2752 elephantorum,
831 2682 904 2729 cum
918 2661 1050 2731 tlumina
1074 2673 1198 2731 tranare
1211 2674 1331 2753 parant.

266 2773 323 2844 Cui
336 2773 418 2842 iuter
430 2791 486 2840 eos
501 2771 630 2837 minima
653 2780 702 2838 est
723 2779 855 2849 statura,
870 2769 990 2857 primns
1005 2771 1092 2838 amni
1106 2791 1140 2838 sc
1153 2770 1336 2856 committit,

266 2877 380 2951 ceteris
391 2877 469 2967 ripae
485 2875 738 2954 immorantibus,
754 2874 854 2944 donec
877 2877 1082 2945 transmissus
1102 2879 1283 2966 explomtor
1300 2875 1350 2946 ad.

266 2987 398 3055 alteram
410 3002 500 3051 oram
515 2981 602 3070 gregi
617 2981 711 3049 fidem
726 2980 820 3050 iaciat
832 3001 926 3071 posse
949 2983 1019 3050 sine
1042 2983 1182 3072 periculo
1197 2985 1334 3052 transiri.

267 3090 458 3162 {interamne
471 3087 593 3156 mulum
606 3108 701 3177 quem
721 3087 835 3156 Thales
847 3089 986 3156 uersutia
1005 3088 1097 3158 lacile
1121 3090 1209 3169 vicit,
1224 3090 1294 3159 lana
1306 3101 1339 3160 et

267 3196 408 3288 spongiis
422 3216 496 3265 enm
516 3216 573 3284 pro
586 3195 650 3264 sale
660 3214 806 3271 onerans,
821 3206 858 3262 ut
872 3214 929 3262 sua
942 3195 1027 3263 raim
1042 3195 1158 3263 astutia
1172 3196 1336 3285 trajicienti

267 3304 399 3374 lluvium
413 3302 445 3370 in
459 3301 697 3388 castigationem
712 3311 744 3370 et
756 3301 914 3369 monitum
934 3312 1106 3369 uerteretur
1119 3301 1138 3368 ‘l
1153 3323 1215 3370 non
1233 3304 1335 3374 nainns

267 3409 459 3480 admirabilis
481 3407 569 3476 canis
595 3407 647 3476 ille
670 3407 891 3476 interfectores
916 3405 1037 3475 domiui
1056 3408 1107 3475 sui
1132 3430 1282 3496 procursu
1307 3419 1339 3478 et

266 3519 422 3598 allatratn,
437 3516 521 3582 inter
533 3513 669 3582 militurn
696 3513 878 3590 decursum,
896 3513 1017 3602 Pyrrho
1041 3515 1105 3603 regi
1121 3515 1310 3584 denuntians
1324 3539 1332 3596 ;

268 3635 322 3695 aut
354 3623 405 3690 ille
433 3620 543 3710 templi
568 3630 688 3701 custos,
718 3619 822 3688 furem
847 3621 1034 3708 sacrilegum
1062 3633 1246 3710 persecutus
1266 3622 1335 3692 siue

268 3728 513 3805 intermissione,
524 3727 608 3795 uelut
619 3724 733 3816 impios
746 3726 822 3815 ipsae
834 3725 1003 3795 Furiarum
1025 3748 1118 3796 canes
1132 3749 1333 3817 persequun-

269 3849 332 3905 tur.
348 3835 432 3919 Quid
442 3834 482 3901 de
493 3833 619 3902 solertia
632 3843 663 3900 ct
678 3832 909 3902 machinatione
923 3832 1033 3903 Pinnae
1048 3834 1151 3903 dicam
1165 3836 1183 3902 ‘l
1204 3861 1218 3898 n
1236 3835 1337 3904 Pinna

269 3943 392 4011 duabus
408 3939 579 4030 grandibus
601 3940 707 4028 patrata
722 3938 853 4008 conchis
867 3961 940 4008 cum
956 3961 1052 4030 parva
1066 3939 1188 4029 Squilla
1204 3940 1337 4033 (Pinno-

271 4046 371 4138 thera)
386 4047 485 4148 qnasi
500 4046 682 4146 societatem
709 4045 772 4115 coit
797 4047 999 4136 comparandi
1022 4047 1096 4115 cibi.
1126 4047 1236 4136 ltaque
1259 4069 1332 4118 cum

272 4154 415 4248 pisciculi
429 4152 514 4243 parri
525 4155 558 4232 in
572 4153 725 4222 concham
739 4152 880 4222 hiantem
892 4153 1118 4238 innotescunt,
1139 4164 1208 4224 tum
1225 4156 1340 4227 admo-
