3192 5475
644 563 822 635 „21-

190 716 332 777 mentem
351 716 382 775 ιι
395 706 549 789 animum,
566 707 658 796 plane
671 708 797 775 absunt.
824 704 935 797 ltaque
946 715 1033 775 taetu
1045 713 1078 774 et
1079 712 1190 811 gustu
1194 721 1262 809 po·

191 812 493 885 tissimumbestiae
482 826 645 934 Jpvantur,
661 814 693 883 id
715 825 763 882 est
783 812 892 881 infami
907 814 967 882 eti
964 779 1165 917 drssrma
1142 794 1262 916 pplup·

192 932 277 1004 tate;
295 921 321 989 si
336 942 397 1011 qua
410 942 486 991 uero
500 919 686 1009 ingenueae
699 920 869 990 liberaliter
881 882 1055 1001 oblectari
1069 929 1105 987 nt
1112 894 1221 988 oeulis
1233 927 1266 986 et

192 1026 482 1118 auribuspereepta
496 1029 653 1117 uoluptas,
669 1028 735 1097 haee
754 1025 818 1096 illis
831 1028 920 1097 nullo
942 1027 1039 1097 modo
1054 1025 1194 1116 sapiunt.

237 1132 380 1204 Pecndes
391 1136 488 1204 homo
502 1146 631 1227 superat
644 1156 753 1217 sensu,
770 1135 803 1201 id
820 1145 869 1205 est
882 1134 966 1204 hoo
958 1155 1026 1224 rpso
1050 1130 1137 1223 quod
1151 1130 1268 1230 liabent

195 1241 418 1330 potissimum,
411 1266 418 1280 ·
436 1242 573 1361 peeudes
597 1254 707 1311 eontra
732 1242 765 1310 in
796 1263 906 1311 eorum
934 1227 1103 1329 quaesunt
1128 1236 1268 1307 huminis

196 1345 392 1420 consortium
409 1348 541 1418 minime
568 1348 713 1431 veniunt,
744 1348 863 1417 nedum
889 1335 1268 1417 exanimationem

94 1525 97 1531 .
195 1455 283 1525 enirn
300 1454 423 1524 homini
436 1464 538 1521 artem
563 1465 590 1521 et
606 1456 877 1531 ratiocinationem
897 1452 973 1524 dicit
998 1453 1189 1523 Aristoteles
1210 1449 1265 1543 (e).
1340 1470 1347 1477 ’

198 1561 406 1632 Ratiocinatio
422 1562 525 1650 qualis
540 1563 581 1629 sit
593 1583 654 1631 uox
669 1562 737 1651 ipsa
748 1558 826 1631 satis
838 1561 1059 1630 demonstrat:
1080 1570 1181 1627 ortem
1194 1577 1269 1661 verp

198 1668 404 1760 philosophus
418 1666 565 1805 iptelligit
579 1691 645 1739 non
658 1689 766 1738 rerum
781 1668 838 1737 sed
861 1688 1028 1737 causarum
1040 1636 1267 1758 cognitionem.

200 1786 265 1871 Qui
303 1784 384 1855 ultra
409 1782 443 1847 τὸ
472 1779 517 1846 ὅτι
555 1804 742 1873 progressus
777 1782 812 1847 τὸ
838 1778 910 1847 διότι
944 1795 1052 1855 mente
1093 1782 1273 1873 assequitur

200 1896 227 1961 is
252 1895 382 1962 demum
393 1901 493 1959 artem
507 1890 664 1981 possidet;
692 1890 776 1959 unde
799 1886 1272 1981 oriturexpenentiaqnaedan

201 1998 322 2089 vulgari
350 1999 402 2065 illa
426 1997 529 2065 multo
543 2023 544 2027 ¹
557 1997 765 2088 praestantior.
792 1996 928 2067 Novisse
956 1993 1041 2067 enirn
1067 2018 1136 2069 rem
1162 2015 1274 2065 rursus

202 2120 387 2184 eventuram
401 2105 526 2193 qualern
548 2104 613 2193 jam
634 2105 777 2174 evenisse
792 2116 943 2197 expertus
965 2106 1022 2191 sia,
1046 2125 1157 2175 manea
1181 2112 1275 2173 estet

201 2214 314 2303 pusilla
327 2211 469 2293 seientia,
494 2211 555 2278 nisi
581 2213 786 2300 quamobrem
803 2224 836 2282 et
850 2233 912 2301 qna
934 2213 1006 2307 lege
1023 2224 1145 2281 naturae
1166 2211 1275 2298 futura

202 2321 242 2390 sit
256 2319 454 2389 addidiceris.
483 2318 686 2410 Experientia
711 2331 819 2389 autern
837 2340 972 2409 quaeres
985 2330 1106 2389 tantum
1120 2319 1273 2407 singulas,

201 2426 339 2498 velutad
351 2425 565 2517 superficiem,
579 2427 717 2517 attingit,
733 2427 828 2495 etiam
839 2426 873 2495 in
883 2437 971 2497 muta
985 2427 1068 2499 cadit
1082 2451 1091 2511 ;
1109 2437 1276 2513 arsantenp

203 2555 273 2624 quae
286 2533 356 2602 illas
368 2532 520 2652 perspicit
533 2532 621 2601 intus
635 2544 667 2603 et
681 2544 766 2605 certa
779 2534 849 2624 lege
860 2534 1047 2625 conjnnetas
1055 2533 1141 2603 ridet
1154 2531 1277 2605 homini

205 2651 255 2711 est
271 2639 407 2742 propria.

248 2747 418 2836 Superiora
431 2747 496 2830 illa,
520 2747 659 2817 elibello
681 2748 720 2816 rie
739 2750 849 2820 animo
863 2751 1061 2842 deprompta.
1090 2706 1278 2836 Aristotelea

204 2857 273 2946 ipse
296 2856 346 2924 sni
371 2863 531 2924 oorreotor
558 2854 591 2921 in
616 2855 756 2923 historiis
778 2857 1019 2951 ‹teonimott'bos
1038 2874 1278 2977 nonnunquam

204 2962 393 3061 immutarit
424 2961 521 3030 Aliud
549 2963 636 3030 enim
659 2947 816 3032 rationem
841 2965 1010 3056 aliquam
995 2962 1276 3052 describereeogi·

204 3052 336 3150 tatione,
350 3068 435 3136 aliud
448 3088 500 3136 res
510 3089 647 3158 experrrr
660 3091 731 3138 ιιιιι.
750 3070 827 3140 Ideo
849 3093 923 3157 enm
931 3072 1143 3167 eximiusille
1156 3081 1277 3172 naturae

206 3174 370 3264 indagator
384 3175 444 3242 ad
436 3195 503 3264 rpsa
515 3175 607 3243 bruta
621 3175 815 3266 inspicienda
827 3150 991 3265 deuenit,
982 3200 1016 3247 ιιι
1029 3159 1191 3250 mitiorem
1200 3197 1277 3277 erga

202 3281 254 3384 illa
269 3282 460 3352 sententiam
475 3281 617 3366 inclinat,
634 3303 694 3352 neo
718 3285 800 3354 male
815 3286 986 3377 ριιιιριί
983 3285 1155 3372 meminit:
1178 3303 1273 3384 suunt

206 3377 321 3480 unique
336 3386 387 3480 (r)
416 3387 559 3458 Primum
583 3389 670 3457 enirn
697 3412 771 3459 oum
794 3384 1016 3482 admirabilem
1034 3393 1127 3478 illam
1152 3374 1275 3494 naturae

208 3494 463 3586 progressionem
477 3494 590 3584 aperit,
605 3516 667 3583 qua
680 3497 715 3564 tit
728 3506 765 3565 ut
778 3485 1277 3588 abinauimisgradatimetsiue

213 3602 295 3670 saltu
307 3611 446 3669 transeat
460 3601 500 3668 ad
513 3601 704 3686 animantes,
723 3613 757 3673 et
770 3625 827 3676 eos
849 3606 950 3696 magis
964 3604 1156 3695 expellentes
1167 3604 1275 3694 digui-

208 3719 287 3792 tate‚
303 3708 445 3776 medium
459 3707 542 3776 inter
551 3708 713 3799 gignentia
727 3723 760 3782 et
771 3713 919 3784 homines
938 3693 1188 3803 colloeatgenus
1198 3713 1276 3783 bes·

245 3911 277 3988 (ol
295 3881 458 3976 liavaisson
474 3911 780 3991 perplurium!
801 3920 863 3974 ιιι.
921 3893 925 3903 ’

245 4021 279 4094 (r)
298 4022 406 4095 Integer
426 4019 546 4092 quisque
569 4007 754 4096 philosophus
774 4024 881 4116 Horatii
888 3981 1277 4109 praeoeptnmtmpleutatur:

371 4111 431 4166 Non
445 4108 515 4165 mihi
532 4123 584 4182 res
600 4112 650 4168 sed
664 4127 708 4169 me
717 4111 799 4174 rebus
810 4088 974 4176 sulimittere
987 4133 1080 4198 eonor.

244 4196 320 4255 nere
341 4196 441 4256 rotarat
453 4199 621 4257 Proeustum
641 4199 778 4260 volentem
792 4200 965 4278 captivorum
986 4220 1103 4280 corpora
1115 4178 1280 4268 admontii

211 4299 273 4346 rum
285 4285 361 4361 loeti,
376 4299 491 4364 quoquo
502 4287 603 4363 pretio,
618 4289 805 4377 habitatori.
1170 4369 1192 4438 2
