3192 5475
687 600 866 674 ...83¹-

244 755 339 827 tatur,
355 766 489 837 eamque
503 758 567 817 nou
586 746 652 836 jam
676 748 735 837 ipsi
759 748 933 817 intellectui
953 744 1107 835 adjungit,
1122 746 1178 813 sed
1197 744 1306 813 iacula

244 852 300 919 tati
325 852 405 922 inter
441 876 478 922 ea
508 854 644 945 eligendi
674 877 743 944 qllae
777 856 888 924 vitiosa
918 855 1065 922 uirtutire
1090 854 1303 920 consentanea·

244 968 328 1025 suut.
344 959 423 1027 Cum
434 970 541 1029 autem
556 982 660 1049 neque
685 962 753 1029 Deo
772 962 931 1049 integrum
957 961 998 1028 sit
1034 973 1174 1049 peceare,
1200 970 1303 1045 neque

242 1062 350 1133 hestiae
364 1067 467 1134 colere
479 1066 639 1150 virtutem,
660 1068 765 1135 neutri
779 1089 891 1136 eorum
907 1068 1034 1134 libertas
1046 1065 1213 1153 contingit,
1231 1086 1303 1151 quae

242 1172 412 1239 sithomini
424 1174 558 1261 propria.
580 1172 673 1242 Solus
697 1175 782 1243 enim
804 1176 899 1242 homo
915 1183 1029 1262 potest,
1048 1193 1139 1260 pravo
1153 1180 1305 1258 rectoque

242 1276 301 1344 sibi
329 1279 508 1366 propositis,
524 1288 709 1347 alterutrum
723 1289 843 1368 optare.
871 1280 943 1348 ldeo
959 1280 1096 1360 libertas,
1127 1300 1164 1347 eo
1190 1279 1217 1345 si
1236 1294 1305 1344 mo-

242 1392 350 1451 mento
363 1383 566 1471 ponderetur,
583 1387 755 1473 denegatur
770 1386 902 1453 omnino
919 1386 1041 1467 bestiae,
1057 1406 1153 1473 quam
1167 1384 1208 1452 ob
1220 1403 1302 1450 eau-

242 1510 323 1572 sam,
338 1490 396 1557 uisi
410 1493 526 1579 quoda
541 1491 651 1560 Proelo
663 1493 744 1558 male
758 1492 914 1581 descripta
927 1494 999 1559 est‘l
1011 1492 1077 1582 (25)
1088 1492 1151 1559 Sed
1162 1491 1247 1558 euim
1261 1490 1305 1557 ita

241 1617 276 1665 se
289 1617 340 1665 res
364 1597 467 1665 habet.
485 1596 757 1677 Quemadmodum
778 1599 854 1686 aegri
882 1598 1078 1665 medicorum
1113 1596 1302 1685 imperitiam

240 1702 328 1769 luere
338 1704 452 1785 solent,
466 1704 519 1784 ita,
536 1703 649 1791 siquid
661 1704 839 1792 philosophi
853 1725 944 1771 secus
954 1703 1157 1784 definierunt,
1168 1724 1218 1770 res
1226 1723 1305 1770 con-

240 1808 329 1877 tinuo
343 1810 498 1877 redundat
510 1810 542 1875 iu
554 1810 657 1893 bruta,
675 1811 873 1879 immerentia
886 1810 1028 1899 quidem,
1042 1810 1085 1877 ita
1101 1822 1134 1876 ut
1146 1810 1240 1877 modo
1257 1810 1301 1875 li-

238 1912 356 1997 bertas,
379 1915 474 1984 modo
487 1917 649 1997 memoria,
665 1927 719 1985 aut
733 1917 829 1985 etiarn
842 1937 954 1984 sensus
969 1917 1036 2004 ipse
1065 1916 1103 1982 iis
1121 1916 1292 1982 auferatur.

239 2020 359 2108 Ecquid
368 2022 453 2089 euim
466 2032 514 2089 est
526 2022 611 2109 quod
625 2023 665 2089 ad
690 2023 854 2090 libidinem
869 2022 987 2109 ingenii
1002 2022 1051 2089 sui
1062 2023 1158 2089 homo
1172 2042 1236 2089 nou
1251 2020 1301 2089 es-

239 2128 376 2199 smxerit.
394 2128 444 2195 sui
469 2128 567 2216 ipsius
587 2138 619 2196 et
634 2139 812 2197 ceterorum
828 2130 1010 2195 animalium
1023 2127 1075 2219 (ne
1091 2127 1131 2196 de
1149 2128 1216 2214 ipso
1232 2127 1300 2194 lleo

238 2233 359 2323 loquar)
374 2235 559 2301 temerarius
574 2234 782 2302 informator?
796 2235 917 2303 Interea
930 2244 1047 2316 tamen,
1063 2234 1140 2300 dum
1154 2234 1213 2300 alia
1224 2233 1300 2300 des-

239 2339 327 2420 truit,
343 2341 401 2407 alia
411 2341 554 2421 aedificat,
572 2350 604 2408 et
628 2352 728 2408 mutat
751 2341 902 2429 quadrata
928 2340 1085 2421 rotundis,
1115 2350 1303 2427 permanent

238 2444 432 2540 inconcussae
443 2456 560 2514 naturae
574 2447 727 2535 cuiusque
739 2447 827 2534 leges
842 2457 874 2514 et
896 2447 1092 2535 temperatio.
1111 2445 1298 2512 Tumultua-

239 2550 305 2619 rius
316 2552 368 2620 ille
379 2552 462 2641 aphd
475 2552 642 2620 Mulierum
656 2553 796 2620 medicus
815 2553 906 2641 jecur
932 2554 1071 2633 sinistro,
1087 2571 1142 2618 cur
1164 2552 1297 2618 dextero

237 2658 327 2726 lateri
338 2659 479 2747 quamuis
493 2679 572 2726 novo
586 2680 672 2727 more
686 2660 801 2748 affigat,
815 2680 910 2727 suum
924 2679 1057 2747 quaeque
1082 2658 1169 2724 intus
1195 2657 1301 2724 locum
1322 2719 1325 2723 .

237 2765 393 2847 obtinent,
409 2767 521 2833 eodem
533 2787 595 2853 quo
607 2765 699 2832 bruta
711 2766 817 2841 modo.
833 2766 1056 2855 aphilosopbis
1071 2765 1143 2831 licet
1169 2763 1302 2851 figurata

236 2873 331 2940 toties
342 2883 372 2940 et
386 2872 573 2953 deformata,
590 2873 709 2938 nullam
726 2873 911 2940 facultatum
935 2893 1064 2940 suarum
1087 2870 1301 2940 accessionem

237 2977 492 3047 decessionemve
505 2977 708 3065 experiuntur
724 2976 803 3066 (24).

282 3091 436 3174 Quamuis
470 3093 620 3160 nonnulla
648 3111 814 3181 perperam
852 3091 1076 3180 excogitaverit
1100 3091 1232 3159 Proclus
1259 3089 1299 3157 de

230 3199 522 3280 brutorumanima,
537 3198 747 3266 nihilosecius
763 3198 853 3286 plura
868 3199 907 3266 de
919 3199 969 3266 his
984 3196 1299 3286 sapienteradvenir.

235 3305 305 3376 Jam
329 3304 412 3396 apud
427 3305 595 3374 Philonem
611 3304 1040 3393 Alexanderlpytbagoream
1057 3302 1253 3390 disciplinam
1269 3309 1302 3369 et

235 3410 336 3480 Bihlia
349 3411 416 3500 ipsa
439 3409 644 3499 recordatus),
662 3411 824 3500 professus
838 3419 905 3477 erat
919 3429 1020 3496 genus
1032 3407 1212 3475 animalium
1226 3426 1301 3495 pre-

234 3518 351 3586 tiosum
366 3537 436 3585 esse
449 3517 532 3605 apud
544 3517 646 3584 Deum
666 3526 698 3583 et
711 3517 903 3583 honoratum
928 3514 1083 3602 laudeque
1110 3513 1299 3580 celebratum

235 3624 274 3693 ab
296 3622 478 3691 hominibus
504 3623 607 3689 Deum
634 3621 860 3708 diligentibus:
890 3620 1021 3689 Proclus
1040 3618 1145 3687 simile
1168 3616 1298 3706 aliquid,

235 3730 291 3798 sed
305 3729 498 3818 parcioribus
511 3727 666 3796 vocabulis
679 3727 844 3815 expressit.
873 3726 1063 3813 Resragatus
1077 3725 1161 3792 enim
1189 3733 1301 3813 putan-

175 3876 180 3883 .
231 3836 318 3904 tibus
331 3836 469 3902 alienum
483 3854 552 3902 esse
563 3854 581 3900 a
592 3833 754 3920 majestate
769 3833 884 3912 divina,
899 3831 938 3898 ad
953 3831 1093 3919 singulas
1106 3841 1138 3898 et
1150 3829 1296 3898 minimas

234 3953 355 4010 naturae
380 3952 483 4030 partes
506 3940 731 4028 providentiam
758 3937 908 4005 Numinis
932 3937 1073 4019 extendi,
1097 3936 1211 4004 melius
1246 3935 1299 4004 ille

231 4046 444 4137 pronuntiavit
454 4046 533 4114 nihil
547 4066 616 4113 esse
631 4045 663 4112 in
673 4045 758 4113 loris
770 4045 876 4123 domo,
892 4043 924 4109 id
937 4053 986 4111 est
995 4043 1126 4124 Mundo,
1143 4042 1203 4109 vile
1216 4041 1298 4133 (ἳὸ),

235 4152 386 4222 Sedenim
412 4150 497 4219 lovis
512 4151 618 4217 omnia
633 4151 736 4239 plena,
750 4147 912 4236 quoniam,
926 4161 963 4214 ut
975 4148 1107 4216 Proclus
1120 4146 1304 4241 arbitratur,

234 4258 325 4332 Mens
338 4257 443 4328 divina
457 4278 492 4327 se
504 4256 536 4324 in
548 4276 660 4326 omnes
682 4276 790 4326 rerum
804 4264 932 4324 naturas
945 4265 978 4323 et
991 4252 1114 4342 species
1137 4252 1299 4321 omnimo-
