3192 5475
417 1794 579 1863 lllttstlll
602 1796 675 1864 llll
697 1795 847 1865 llnllllttt
869 1796 1030 1865 lttllllls

231 2418 318 2489 Inter
329 2422 520 2509 quaestiones
532 2441 550 2487 a
564 2420 733 2489 Plutarcho
747 2420 921 2509 disputatas
935 2417 968 2486 in
979 2417 1167 2501 'moralibus
1185 2435 1249 2487 una

186 2535 236 2593 est
249 2528 404 2595 momenti
417 2528 501 2595 haud
516 2527 695 2609 mediocris,
712 2527 750 2593 de
769 2528 876 2593 aalma
890 2525 1063 2607 brutorum,
1080 2546 1151 2613 quae
1174 2526 1248 2615 qui-

187 2630 259 2699 dem
275 2634 315 2699 ab
328 2634 464 2721 antiquis
482 2634 568 2701 v'elut
581 2634 683 2701 obiter
705 2634 892 2722 plerumque
919 2641 1061 2714 tractata,
1087 2632 1171 2721 apud
1195 2652 1249 2701 re·

185 2741 353 2812 centiores.
368 2742 485 2809 soeculo
497 2741 651 2830 imprimis
664 2741 798 2829 septimo
813 2739 948 2821 decimo,
972 2739 1085 2807 studiis
1098 2739 1248 2827 utrinque

139 2843 146 2848 “
184 2847 423 2915 vehementibus
434 2856 467 2914 et
477 2849 541 2916 aori
555 2847 757 2916 contentione
769 2846 941 2935 disceptata
958 2857 1016 2914 est.
1035 2846 1129 2928 Quod
1142 2857 1247 2914 autem

182 2953 222 3020 ad
235 2955 321 3021 hunc
332 2955 473 3022 libellum
486 2954 611 3036 attinet,
622 2975 689 3022 rem
703 2972 776 3023 cum
788 2953 1013 3042 amplissimam
1026 2963 1058 3020 et
1069 2950 1158 3019 nimii
1172 2950 1247 3041 ope-

183 3059 239 3141 ris
256 3061 283 3127 si
297 3061 367 3148 quis
382 3081 450 3128 eam
467 3061 592 3150 penitus
604 3061 765 3148 explorare
780 3060 916 3140 studeat,
930 3070 998 3126 tum
1013 3058 1108 3126 etiam
1121 3059 1247 3147 plenam

183 3167 258 3234 aleae
273 3177 305 3233 et
318 3167 461 3256 periculi,
476 3167 609 3235 scrutari
620 3168 713 3233 altius
723 3187 786 3234 non
802 3166 928 3254 placuit.
951 3166 1074 3234 Minora
1089 3166 1175 3232 enim
1188 3186 1246 3233 co-

183 3272 261 3354 nati,
278 3293 422 3360 quaenam
439 3272 478 3340 de
502 3274 669 3340 brutorum
683 3273 787 3340 anima
802 3270 961 3340 senserint
987 3271 1143 3360 principui
1158 3281 1245 3340 vete

182 3399 254 3446 rum
269 3391 416 3448 excutere
430 3379 634 3448 instituimus.

228 3486 300 3568 Quo
321 3497 428 3553 autem
443 3507 480 3553 ex
496 3486 608 3552 ordine
622 3485 761 3554 diversas
778 3485 981 3572 antiquorum
1007 3483 1167 3552 doctrinas
1192 3505 1246 3554 re-

180 3613 310 3662 censere
324 3601 478 3680 oporteat,
493 3592 560 3680 ipse
575 3593 754 3680 temporum
789 3592 867 3660 ordo
895 3591 1048 3673 decernit,
1073 3610 1246 3679 eammque

181 3698 347 3788 explicatio
361 3698 420 3765 rite
434 3698 629 3780 instituetur,
651 3698 690 3780 si,
711 3697 894 3766 memoratis
917 3697 1054 3765 breviter
1074 3696 1247 3787 disciplinis

181 3814 291 3874 eorum
317 3805 371 3893 qui
389 3815 463 3872 ante
481 3803 642 3872 Socratem
664 3805 853 3885 floruerunt,
869 3803 1069 3872 Academiam
1090 3815 1242 3886 veterem,

181 3913 339 4000 Lycaeum,
361 3911 521 3980 Porticum
535 3911 717 3978 invisemus.
729 3911 809 3978 Dein
825 3911 934 3978 hortos
947 3909 1086 3998 Epicuri,
1104 3909 1244 3997 Pyrrho-

180 4039 314 4087 neorum
354 4017 636 4106 Sophistammque
661 4016 753 4085 ludos
777 4017 968 4106 attingemus
993 4017 1025 4083 in
1046 4026 1243 4088 transcursu.

177 4125 257 4197 lnde
269 4124 488 4194 ad'Philonem
503 4123 648 4194 Judaeum
662 4134 695 4192 et
707 4122 912 4192 Plutarchum
925 4125 1090 4193 devertere
1104 4122 1243 4202 decebit.
