3192 5475
791 500 969 571 „92-

344 641 455 731 Neque
479 643 606 721 mirum,
624 640 744 710 hercle!
762 640 874 710 Carnis
888 642 973 709 enim
988 642 1128 731 pondere
1144 640 1280 709 terarum
1305 643 1406 709 anima

344 749 544 837 opprimitur,
561 748 678 817 nedum
699 748 908 817 valcatctam
931 748 1078 835 gravibus
1101 769 1136 816 se
1150 748 1314 815 exsolvere
1335 749 1405 815 vin-

342 857 434 925 culis.
457 856 625 923 llnmanus
648 842 756 923 contra
772 854 910 933 animus,
935 854 1080 941 quamvis
1103 854 1236 922 terrenis
1259 854 1407 923 membris

344 962 522 1040 hebetatus,
537 962 764 1047 detrimentum
780 982 797 1028 e
813 960 927 1029 misera
942 960 994 1027 illa
1006 960 1208 1047 adjunctione
1221 956 1280 1027 sibi
1295 962 1406 1051 impor-

340 1082 441 1137 tatum
456 1072 561 1156 vigorc
584 1068 703 1157 ingenii
727 1078 759 1136 et
774 1067 946 1136 voluntatis
960 1066 1086 1155 egregia
1099 1068 1304 1135 contentione
1316 1089 1404 1155 quarn

344 1176 480 1245 maxime
504 1185 620 1273 potest,
635 1176 804 1243 imminuit.
838 1174 969 1263 Sopitus
991 1174 1024 1241 in
1050 1174 1180 1254 infante,
1208 1175 1354 1243 turbidus
1377 1187 1407 1244 ct

343 1282 509 1351 imbecillis
521 1283 553 1350 in
568 1303 679 1372 puero,
701 1282 852 1371 paulatim
875 1280 1037 1357 adolescit,
1067 1282 1300 1361 corroboratur,
1318 1283 1360 1349 ita
1373 1293 1405 1349 ut

342 1390 433 1476 plone
445 1389 637 1478 snicompos
650 1389 739 1470 olim,
754 1399 787 1457 et
806 1389 889 1457 hene
905 1388 1100 1477 compositus
1122 1389 1241 1456 euadat.
1259 1388 1404 1457 Ferarum

344 1497 469 1563 interim
493 1496 618 1564 animus
643 1496 755 1564 eodem
794 1515 897 1583 usque
923 1494 1007 1582 jacet
1033 1504 1129 1575 statu,
1163 1494 1401 1574 somniculosus,

341 1603 451 1687 hebes,
477 1622 580 1692 neque
603 1602 685 1670 adid
699 1610 1076 1689 reservatusutunquam
1091 1602 1309 1691 exspergclrat.
1337 1602 1404 1671 Sola

341 1710 427 1779 enirn
440 1730 531 1777 mens
543 1719 651 1777 nostra
667 1720 832 1777 veternum
846 1730 940 1776 snum
955 1704 1085 1788 ercirtit,
1098 1707 1151 1774 ubi
1161 1727 1310 1797 corporea
1322 1731 1404 1777 eorn-

341 1837 420 1906 pagc
432 1816 594 1895 liberatur,
608 1815 779 1885 vermiculo
791 1815 903 1883 similis
916 1814 984 1902 qni,
998 1814 1150 1903 depositis
1163 1814 1277 1902 prioris
1288 1826 1404 1883 nature

341 1924 498 2002 sordibus,
523 1924 589 2011 jam
616 1922 868 2000 instructusalis,
890 1922 921 1988 in
936 1940 1028 1989 auras
1048 1922 1149 1989 evolat
1166 1921 1292 2011 papilio,
1315 1923 1402 1991 sicuti

338 2032 420 2133 ¹Eros
432 2040 462 2101 ct
474 2031 595 2119 Psyche
609 2030 772 2119 finguntur
784 2030 823 2096 ab
837 2028 974 2117 antiquis
988 2029 1019 2096 in
1038 2027 1152 2097 coelum
1165 2028 1314 2097 avolasse.

400 2484 402 2489 ’
510 2570 512 2575 ,
611 2479 681 2548 Vidi
696 2500 730 2549 ae
745 2482 878 2569 perlegi,

384 2711 520 2782 Lutetiae
552 2711 756 2792 Parisiorum,
787 2712 820 2780 in
854 2712 1008 2794 sorbonn,
1041 2713 1119 2802 prid.
1152 2713 1193 2780 iil.
1222 2712 1293 2802 juni.
1324 2734 1395 2781 nnn

340 2841 530 2898 nncccnxni,

438 3035 608 3104 Facultutis
623 3036 813 3104 Litterarum
830 3037 859 3104 in
875 3035 1042 3105 :lentlcmia
1060 3035 1229 3104 Parisicnsi
1242 3038 1394 3112 necinus,

926 3160 954 3229 J.
985 3159 1066 3229 vict.
1084 3159 1251 3230 LnCnnnc.

492 3461 588 3550 Typis
613 3461 806 3530 mandetur:

404 3585 590 3655 l‘arisiensis
604 3586 782 3655 Academia
796 3587 925 3664 llector‚

492 3711 530 3779 Α.
557 3709 719 3779 Mouninn.
