3192 5475
632 521 811 587 ...75-

166 708 170 713 .
187 657 317 725 velutin
330 674 401 724 cera
414 653 566 743 infigitur,
585 655 639 721 sed
654 654 693 721 alt
720 655 788 742 ipso
806 654 968 723 intellectu
982 656 1067 723 oriri.
1090 656 1151 726 Fae
1164 658 1249 726 enim

188 786 256 831 rem
268 764 325 830 tibi
340 783 468 829 sensum
482 760 654 848 impulisse.
673 761 765 829 Mens
779 762 846 850 ipsa
858 783 913 850 per
925 783 959 829 se
972 763 1053 830 illius
1067 764 1112 829 rei
1127 784 1249 833 memo·

179 871 261 939 riam
275 868 444 949 revocabit,
458 867 576 934 nedum
601 887 637 934 ea
652 869 750 934 menti
764 870 1017 936 communicetur
1030 891 1048 936 a
1063 891 1171 952 sensu,
1188 890 1244 957 per

187 977 325 1063 aliquem
350 994 570 1062 repercussum
602 975 766 1062 praeteritae
792 974 999 1061 impulsionis.
1031 976 1126 1044 Canis
1164 978 1250 1045 enim

189 1084 241 1149 ubi
254 1082 339 1148 videt
351 1100 368 1147 a
379 1101 442 1168 quo
454 1080 535 1147 male
547 1080 714 1147 mulctatus
727 1080 797 1161 luit,
816 1080 946 1147 minime
958 1083 1053 1148 sentit
1067 1082 1098 1149 in
1112 1104 1147 1151 se
1157 1104 1251 1151 reno·

187 1189 253 1255 vari
266 1188 405 1255 vulneris
414 1187 532 1275 accepti
541 1186 694 1267 dolorem,
709 1186 764 1253 sed
775 1188 1016 1255 serulneratum
1028 1187 1252 1277 meminit.(ll)

187 1294 373 1364 Memoriam
388 1294 483 1381 igitur
505 1314 567 1359 non
591 1293 792 1359 renovatione
806 1313 919 1361 sensus
932 1296 1088 1362 contineri
1108 1296 1254 1363 Plotiuus

186 1421 261 1469 uere
275 1400 426 1487 judicarit
440 1424 449 1481 ;=
471 1398 527 1465 sed
548 1398 618 1465 vide
639 1397 723 1485 (nam
743 1418 934 1487 magnopere
958 1400 1114 1491 interest),
1137 1403 1253 1488 quilius

188 1519 295 1575 utatur
308 1506 476 1573 vocabulis.
493 1504 567 1573 Non
582 1525 710 1571 sensum
722 1506 838 1591 ipsum,
861 1505 917 1587 ait,
934 1504 1039 1574 denuo
1051 1508 1202 1575 memoria
1218 1508 1252 1575 iu

187 1614 295 1679 animo
308 1612 433 1692 excitat,
454 1611 510 1680 sed
522 1620 644 1678 tanturn
655 1630 768 1677 sensus
780 1611 913 1677 lorrnam
928 1611 1170 1699 intelligibilem.
1182 1613 1255 1701 (His

187 1718 484 1805 vocibussignilrcat
510 1718 579 1805 ejus
603 1717 648 1783 rei
676 1717 853 1797 notionem,
877 1728 907 1783 te
924 1718 1042 1785 scilicet
1057 1719 1253 1788 luissecerto

189 1828 325 1917 quodam
339 1847 436 1893 sensu
452 1826 526 1893 olim
552 1822 756 1913 permotum).
785 1824 883 1911 Atqui
906 1824 1015 1891 formae
1040 1824 1254 1912 intelligibiles

190 1954 255 2002 non
270 1934 387 2001 cadunt
412 1932 443 1999 in
466 1930 604 1997 animam
625 1931 745 1997 ratione
769 1928 963 1997 destitutam.
990 1930 1074 2017 Ergo
1099 1931 1174 1999 lerae
1191 1953 1254 2000 nou

190 2040 415 2110 meminerunt.
432 2037 478 2103 lta
498 2036 656 2105 concludit
670 2037 827 2115 Plotinus,
844 2037 973 2116 veritus,
988 2036 1096 2118 credo,
1113 2058 1254 2106 nesuam

190 2148 259 2235 ipse
274 2142 468 2233 disciplinam
485 2142 523 2208 de
541 2142 742 2208 irrationabili
766 2154 927 2209 mutorum
942 2153 1053 2209 natura
1067 2143 1254 2226 labefactem

191 2255 353 2343 (concessa
367 2249 452 2317 enim
467 2248 576 2315 bestiae
590 2248 753 2323 memorie,
775 2248 996 2317 concedendus
1020 2258 1052 2317 et
1064 2248 1256 2331 intellectus,

191 2353 496 2443 memoriaeauctor).
529 2356 570 2421 dt
590 2353 770 2421 mehercle!
800 2354 897 2423 Suam
930 2356 1086 2424 rationem
1114 2376 1178 2423 nou
1205 2356 1254 2421 la-

190 2466 339 2545 befactat,
366 2464 419 2531 sed
446 2462 572 2550 penitus
593 2460 701 2541 diruit,
730 2458 808 2527 dum
838 2463 1004 2549 perspicua
1028 2471 1135 2549 negat,
1163 2462 1256 2530 bruta

192 2571 312 2641 scilicet
336 2568 530 2636 meminisse.
843 2580 846 2584 ’

237 2685 414 2773 Supersunt
428 2699 465 2749 ea
479 2701 549 2770 quae
564 2679 603 2748 de
620 2680 765 2750 libertate
780 2680 905 2750 disserit
925 2683 1081 2753 Plotinos.
1096 2682 1202 2766 Quam
1215 2685 1259 2754 ita

193 2791 315 2865 delinit,
331 2801 367 2857 ut
390 2789 472 2856 dicat
484 2809 553 2856 esse
574 2798 680 2854 actum
695 2788 908 2857 uoluntarium
922 2811 994 2857 cum
1006 2791 1135 2860 scientia
1148 2803 1182 2858 et
1193 2812 1259 2860 me-

198 2899 349 2966 ditatione
363 2896 410 2964 rei
433 2913 527 2982 quam
554 2893 630 2984 agis.
660 2893 737 2960 lude
768 2915 872 2982 neque
897 2895 930 2962 in
955 2897 1094 2986 appetitu
1120 2908 1262 2966 uersatur

197 3025 300 3093 neque
316 3003 406 3071 inira
422 3002 579 3098 (indepta,
594 2998 693 3087 Θόμυς)
710 3054 716 3080 ,
733 3011 763 3066 et
781 3002 811 3068 ei
831 3003 986 3090 contingit
997 3004 1051 3071 oni
1064 3004 1131 3091 qui,
1146 3005 1262 3074 mentis

198 3138 263 3186 suae
282 3138 412 3205 compos
427 3127 458 3184 et
470 3115 627 3195 conscius,
646 3135 709 3182 non
726 3126 845 3183 temere
860 3116 949 3203 quid,
963 3118 1017 3182 sed
1033 3118 1205 3203 prudenter
1218 3119 1264 3186 ei·

196 3223 273 3290 ficit.
292 3223 370 3291 Cum
385 3234 491 3289 autem
504 3221 606 3289 insani
619 3233 650 3288 et
664 3220 751 3309 pueri
765 3221 859 3288 etiam
874 3221 912 3288 ab
926 3221 977 3287 illa
987 3221 1151 3309 prudentia
1166 3223 1261 3312 longe

196 3329 327 3408 distent,
343 3327 488 3397 Plotinus
505 3329 543 3396 iis
557 3328 731 3394 libertatem
745 3327 892 3406 detrahit,
902 3330 1019 3395 nedum
1032 3328 1213 3415 pecudibus.

240 3443 309 3512 Jarn
342 3445 422 3511 satis
446 3453 531 3531 patet
569 3442 817 3510 Alexandrinum
851 3443 1085 3531 philosophum,
1120 3444 1260 3532 alioquin

195 3551 502 3639 praestantissimum,
528 3549 560 3615 in
590 3571 640 3616 res
666 3549 859 3616 definiendas
876 3559 1022 3637 tanquam
1042 3550 1073 3616 iu
1098 3551 1263 3640 scopulum

196 3657 379 3739 offendisse,
394 3677 507 3743 magno
520 3657 685 3722 brutorum
700 3656 900 3723 detrimento.
918 3655 1001 3722 Dum
1016 3656 1101 3724 enim
1129 3677 1262 3746 pereep-

199 3764 334 3845 tionem,
358 3761 626 3830 ratiocinationem
650 3772 681 3828 ct
703 3762 889 3828 memoriam
911 3762 1046 3830 existere
1061 3784 1153 3851 posse
1171 3773 1266 3851 negat

197 3871 269 3938 sinc
284 3890 390 3936 rerum
403 3867 592 3956 imaginibus
601 3877 655 3934 aut
666 3869 786 3950 formis,
802 3879 834 3936 et
845 3869 1021 3936 libertatem
1040 3870 1108 3936 sine
1131 3879 1208 3938 actae
1219 3870 1264 3938 rei

196 3976 404 4057 conscientia,
420 3975 496 4064 quid
516 3974 670 4062 sequitur,
686 3973 745 4040 nisi
767 3987 803 4041 ut
825 3975 899 4042 serae
921 3975 1070 4043 omnibus
1084 3975 1123 4042 iis
1136 3977 1264 4043 delrau-
1371 4064 1374 4069 ⁴

197 4083 345 4152 dentur?
365 4081 441 4163 Sed,
458 4101 528 4168 age,
543 4080 764 4148 defraudentur
783 4081 864 4147 volo.
889 4079 974 4163 Quid
989 4082 1114 4150 tandem
1130 4082 1169 4150 iis
1189 4082 1265 4150 reli-

199 4189 330 4279 quierit
354 4189 371 4255 ‘i
396 4189 529 4269 Sensus,
546 4186 662 4276 inquis,
685 4198 717 4254 et
742 4186 894 4275 quidquid
922 4190 959 4256 ad
975 4210 1102 4257 sensum
1115 4189 1263 4280 pertinet,
