3192 5475
754 435 932 504 ..44-

287 558 401 645 'l’hilo
428 580 581 661 tractavit,
609 580 664 645 sed
690 578 759 647 al'is
784 581 876 647 etiarn
892 579 979 651 lueis.
1008 593 1040 649 et
1064 584 1322 669 praemrtimeum
1338 584 1379 652 sle

314 681 435 771 opificio
452 688 557 751 inumb
579 686 737 761 disseruit,
755 708 915 754 saeuorum
929 688 1072 757 connum
1096 691 1261 779 interpres.
1279 689 1314 759 Iu
1328 694 1381 759 his

314 803 420 860 autem
435 813 508 860 curu
525 793 657 879 reperiat
678 794 815 860 orrimam
829 796 963 861 terarum
980 818 1044 862 uno
1056 797 1210 885 sanguiue
1221 809 1377 881 constare,

314 910 346 968 et
361 900 463 988 pisces
477 899 630 983 sunguine
647 913 679 966 ut
694 900 733 967 itu
749 900 851 967 diesim
866 912 1008 969 carentes
1030 917 1102 971 ante
1117 915 1219 972 cetera
1235 906 1381 973 animalia

314 1006 410 1075 hrisse
422 1018 554 1073 creatos.
573 1006 711 1072 diversas
727 1019 887 1075 mutorum
902 1010 1025 1076 animus
1039 1013 1098 1077 buc
1112 1012 1224 1078 ordine
1250 1012 1375 1091 diqerit.

291 1106 295 1113 ’
313 1097 462 1182 duimam
479 1112 610 1201 piscium
627 1114 712 1181 ducit
725 1114 949 1181 inertissimum
965 1128 996 1183 et
1011 1116 1147 1184 manime
1165 1117 1290 1193 rudem,
1305 1142 1380 1204 per-

293 1212 516 1289 'lectissimam
532 1242 605 1287 reru
620 1221 768 1289 trominis.
787 1221 874 1290 luter
899 1236 1049 1312 utrasque
1077 1224 1180 1291 media
1201 1226 1381 1294 uolneribus

314 1338 346 1395 et
361 1327 561 1394 terrestribus
587 1327 775 1395 animalibus
799 1329 921 1398 ubtiuit.
941 1328 1014 1397 llaec
1039 1330 1125 1398 enim
1148 1353 1262 1399 sensus
1287 1333 1380 1401 hahet

313 1422 469 1501 herrtiores
494 1455 589 1521 quum
628 1437 729 1502 anima
757 1436 896 1524 piscihus
921 1437 1031 1513 indita.
1060 1436 1238 1505 hebetiores
1275 1452 1380 1507 tamen

316 1539 417 1621 Quam
431 1542 579 1619 humana.
592 1554 622 1609 et
639 1542 675 1608 ad
687 1543 784 1610 solum
797 1543 939 1631 corporis
949 1544 1219 1613 conservationem
1235 1545 1275 1612 iis
1289 1544 1380 1612 insita

315 1646 451 1729 videtur,
464 1646 554 1714 sicuti
566 1648 660 1735 vulgo
669 1649 765 1715 salem
778 1648 927 1718 carnibus
937 1650 1123 1737 inspergunt
1135 1672 1173 1719 ne
1187 1662 1377 1741 putrescant.

313 1752 454 1821 Mentem
470 1774 543 1821 vero
554 1754 702 1821 eximiam
717 1768 840 1822 creator
858 1756 980 1823 homiui
995 1756 1135 1837 donarit,
1150 1779 1221 1846 quae
1243 1760 1283 1826 sit
1308 1770 1379 1825 tan-

315 1866 410 1946 qna‘m
425 1860 529 1926 anima
542 1862 668 1943 animae,
698 1874 729 1928 et
757 1862 883 1951 pupillae
908 1862 941 1929 in
968 1863 1061 1931 oculo
1086 1862 1378 1951 uicemadimpleat.

312 1964 495 2033 Brutavero
507 1966 698 2053 imaginandi
709 1968 769 2035 vim
785 1980 909 2035 tanturn
923 1968 1039 2036 habeut
1052 1968 1258 2059 etimpetum.
1274 1970 1329 2059 qui
1342 1971 1382 2038 sit

316 2071 406 2161 quasi
429 2092 599 2161 germanus
622 2073 786 2175 (ἀδελφός)
803 2075 1049 2163 imaginationis,
1063 2087 1096 2143 et
1121 2077 1161 2143 ab
1180 2088 1309 2143 auctore
1336 2078 1383 2144 vis

309 2175 529 2245 'contentionis
540 2178 635 2246 velad
646 2201 714 2249 rem
724 2180 895 2270 expetitam
909 2180 1057 2249 tendendi
1068 2181 1254 2273 appelletur(
1264 2176 1382 2273 δύναμις

316 2288 417 2366 round
428 2284 450 2374 J.
466 2286 651 2375 lntellignut
673 2307 749 2354 vero
764 2299 962 2375 neutiquam,
979 2287 1020 2354 ob
1034 2307 1168 2376 eamque
1182 2308 1309 2356 causam
1323 2309 1381 2356 ue-

315 2396 378 2486 'que
392 2380 473 2464 bona
488 2415 593 2484 neque
608 2395 688 2460 mala
702 2403 787 2460 sunt.
810 2394 904 2463 Mens
918 2394 1004 2462 euim
1019 2404 1052 2462 et
1067 2394 1146 2463 ratio
1171 2394 1238 2462 vitii
1262 2416 1298 2463 ac
1316 2395 1381 2461 vir-

317 2502 395 2571 t'ntis
416 2501 622 2570 domicilium.

359 2609 521 2693 Quorsum
556 2616 663 2673 autem
697 2606 868 2673 novissima
898 2607 949 2674 illa
976 2608 1015 2675 de
1041 2606 1154 2676 bestiis
1180 2610 1384 2677 memoranda

314 2710 523 2806 putavimus?
549 2722 584 2781 nt
613 2712 805 2802 intelligatur
839 2732 934 2802 quam
965 2707 1060 2782 rarii's
1087 2736 1105 2783 e
1134 2715 1276 2784 lontibus
1301 2715 1382 2784 han-

308 2811 393 2893 'serit
415 2821 517 2892 Philo.
548 2819 592 2890 Ea
615 2819 701 2888 euim
728 2830 917 2910 tempestate
943 2833 1037 2890 natus
1058 2843 1132 2890 eum
1155 2822 1256 2893 Judaei
1274 2824 1382 2892 Chris-

316 2929 432 2998 tiauive
467 2925 689 3016 philosophie
715 2925 951 3014 disciplinarum
979 2938 1121 2996 veterum
1151 2930 1386 2998 excellentissi-

315 3026 368 3106 ma
380 3033 529 3124 congerie
563 3053 681 3100 novum
704 3032 831 3120 aliquod
857 3033 1008 3101 doctrinae
1037 3055 1153 3124 corpus
1167 3035 1302 3104 educere
1314 3047 1382 3104 stu-

317 3143 530 3230 debentque
554 3150 658 3228 posset
673 3161 745 3208 eum
760 3140 957 3228 philosophia
986 3161 1073 3208 sacra
1099 3141 1179 3209 inire
1203 3143 1383 3211 societatem
1485 3157 1489 3164 ·

316 3261 350 3318 et
360 3247 535 3338 illimagnis
545 3245 658 3336 opibus
673 3246 739 3314 suis
752 3246 909 3328 auxiliari,
923 3247 1015 3316 Philo
1026 3267 1084 3335 pro
1096 3247 1178 3315 virili
1192 3260 1279 3338 parte
1287 3250 1385 3318 voluit

319 3356 421 3426 fredus
443 3353 648 3422 utilissimum
670 3353 832 3442 adjurare.
855 3352 931 3420 ldeo
955 3374 990 3420 se
1015 3354 1133 3435 miuus,
1157 3364 1192 3421 ut
1217 3354 1285 3444 ipse
1299 3356 1384 3435 dicit,

317 3463 479 3531 doctorem
489 3459 695 3550 profitebatur
704 3479 801 3548 quam
814 3458 1019 3547 interpretem
1028 3459 1175 3542 aliorum,
1190 3473 1222 3529 et
1234 3483 1304 3550 quae
1316 3484 1386 3551 pro·

318 3565 423 3637 banda
458 3567 642 3634 viderentur
670 3565 882 3653 undequaque
908 3565 967 3633 sibi
990 3568 1186 3636 assumebat.
1216 3568 1327 3657 ltaque
1348 3570 1386 3637 de

280 3659 289 3665 ”
318 3675 493 3766 quaestione
506 3673 673 3741 brutorum
689 3671 751 3761 (ue
765 3690 783 3738 a
797 3673 959 3760 proposito
973 3673 1176 3742 discedamus
1188 3673 1211 3762 J,
1228 3675 1387 3744 nPlatune

316 3783 350 3850 in
377 3781 545 3862 Zeunrem,
572 3799 590 3846 a
613 3778 710 3848 saeris
743 3777 905 3846 codicibus
926 3779 958 3846 iu
984 3779 1193 3849 Aristotelem
1218 3781 1386 3860 delabitur,

314 3871 401 3956 haud
417 3888 512 3954 unius
523 3885 668 3955 addictus
681 3884 791 3974 jurare
804 3884 837 3952 in
851 3884 947 3952 verba
962 3885 1114 3973 magistri.
1133 3886 1169 3955 ld
1183 3889 1311 3976 quidem
1337 3890 1387 3978 ip·

317 4014 389 4064 sum
413 3993 583 4076 laudabile,
603 3991 665 4060 ‘sed
689 3991 732 4059 ita
759 3991 786 4060 si
799 4012 850 4060 res
863 4012 883 4058 a
898 3990 1043 4081 pluribus
1058 4003 1203 4084 acceptas
1228 3995 1260 4063 in
1287 4016 1386 4066 uuum

318 4100 484 4170 miscueris
493 4100 573 4169 adeo
582 4108 655 4189 apte
675 4108 710 4166 ut
731 4101 923 4178 cohereant,
948 4118 1028 4167 uere
1043 4109 1167 4168 tantum
1187 4101 1383 4194 jaceautap-
