3192 5475
777 572 956 640 ..82-

336 741 501 812 nusquam
515 717 628 787 rationi
640 726 747 785 contra
764 715 873 783 oculos
887 713 1104 781 testimonium
1118 713 1232 782 dicenti
1247 717 1388 785 conlidit.

334 828 428 897 Canis
441 848 514 897 vero
529 846 638 894 sensus
651 844 715 890 non
727 843 796 889 esse
812 820 920 888 fideles
934 841 975 887 ne
990 821 1169 909 suspicatus
1187 823 1327 909 quidem,
1339 845 1392 892 so-

336 936 399 1003 lem
411 945 442 1003 et
457 934 563 1001 lunam
577 930 657 999 casei
673 930 788 997 reserre
801 926 996 995 latitudinem
1013 936 1113 1016 putat.
1129 928 1168 994 ad
1180 949 1301 996 morem
1313 929 1391 1019 Epi-

335 1060 513 1111 cureorum.
529 1036 652 1124 Quippe
664 1033 715 1101 eui
733 1053 793 1099 non
810 1033 899 1111 ratio,
913 1031 968 1099 sed
983 1032 1147 1100 inclinatus
1161 1044 1279 1101 tantum
1295 1037 1391 1103 intel-

335 1146 433 1217 lectus
448 1145 532 1211 insit.
548 1142 642 1209 Hunc
655 1147 760 1205 antem
772 1137 946 1221 intelligere
961 1137 1090 1206 Proclus
1105 1161 1143 1208 ex
1157 1162 1195 1208 eo
1222 1141 1290 1229 ipso
1304 1142 1391 1209 colli-

335 1254 381 1343 git
392 1251 476 1339 quod
492 1248 597 1318 sentit.
615 1245 696 1313 Nam
722 1264 850 1312 sensum
864 1244 1003 1329 cognitio
1016 1266 1141 1335 semper
1161 1247 1265 1335 aliqua
1279 1250 1392 1337 sequi-

334 1370 387 1427 tur·
397 1356 448 1449 (r).
461 1355 599 1424 Dubium
610 1351 641 1417 id
652 1370 721 1418 esse
735 1369 828 1437 supra
841 1348 1057 1419 demonstrare
1070 1352 1173 1419 conati
1184 1375 1306 1431 snmus,
1320 1377 1391 1423 cnm

334 1474 440 1533 actum
455 1471 503 1531 est
515 1461 554 1529 de
571 1458 736 1529 Plutarcho
748 1468 780 1524 et
792 1455 939 1523 Stratone
961 1455 1092 1545 Physico
1118 1458 1201 1526 idem
1228 1461 1389 1529 censenti·

335 1570 407 1639 bus.

377 1676 567 1743 Libertatem
587 1684 661 1737 vero
686 1665 817 1734 Procius
839 1667 998 1735 existimat
1018 1689 1162 1757 peraeque
1188 1664 1391 1760 proportione

332 1778 666 1849 intellectusexistere.
685 1772 772 1853 ldeo,
790 1785 824 1840 ut
849 1775 983 1862 quisque
1000 1776 1135 1843 maxime
1152 1779 1249 1845 menti
1277 1791 1309 1847 et
1338 1800 1389 1847 ra-

333 1887 411 1956 tioni
435 1887 628 1973 obtemperat
643 1876 744 1969 (νοῦς),
762 1880 804 1945 ita
828 1880 965 1947 maxime
991 1880 1067 1947 liber
1082 1892 1141 1964 est,
1160 1882 1334 1951 libertatem
1350 1886 1389 1951 il-

332 1995 393 2062 lam
410 1993 593 2072 amissurus,
621 2002 654 2058 ut
682 1989 817 2079 primum
838 1985 1059 2073 cupiditatibus
1092 1998 1123 2055 et
1143 1990 1228 2055 omni
1249 1994 1389 2079 corporis

332 2098 515 2188 appetitioni
528 2097 686 2165 inserviet.
704 2093 873 2182 Appetitus
887 2102 993 2158 autem
1008 2091 1052 2158 illi
1064 2113 1136 2159 cnm
1155 2094 1186 2160 in
1209 2095 1275 2163 fera
1290 2099 1389 2165 vehe-

330 2204 502 2272 mentiores
526 2204 601 2283 sint,
617 2203 656 2269 iis
670 2200 871 2269 mediocriter
896 2196 1032 2279 obsistit,
1055 2219 1120 2265 non
1143 2200 1238 2267 aliam
1260 2202 1301 2268 ob
1315 2224 1390 2270 cau·

331 2332 398 2379 sam
413 2313 475 2378 lato
500 2309 693 2397 aliquantum
721 2306 868 2373 obnoxia.
887 2302 1062 2372 Hancvero
1088 2305 1143 2371 lati
1171 2308 1387 2379 necessitatem

331 2418 462 2487 feliciter
471 2412 827 2501 Deusmutisimposuit,
841 2420 877 2478 ut
889 2410 1032 2497 voluptas
1041 2410 1078 2476 iis
1092 2420 1177 2477 essct
1189 2414 1386 2499 moratione,

330 2523 410 2594 etad
431 2522 463 2590 id
483 2522 721 2601 inclinarentur,
749 2530 783 2585 ut
795 2538 830 2585 se
844 2516 905 2583 sibi
919 2515 1151 2584 commendent.
1177 2518 1268 2599 Quod
1283 2533 1387 2589 autem

331 2629 505 2709 naturaeri,
520 2649 581 2696 non
593 2627 724 2695 consilio
739 2623 855 2711 saepius
877 2622 970 2689 bruta
998 2623 1215 2711 impelluntur,
1235 2627 1389 2714 numquid

331 2737 450 2806 inseres
459 2756 495 2804 ea
505 2734 596 2822 plane
605 2732 750 2800 libertate
763 2729 854 2796 defici
868 2729 886 2796 ‘l
898 2728 1040 2796 lllinime.
1056 2728 1162 2798 Potest
1177 2731 1263 2799 enim
1273 2734 1389 2802 conisa

331 2844 483 2930 capiendo
492 2841 560 2910 cibo
571 2849 655 2906 metu
662 2836 826 2916 deterreri,
838 2846 931 2922 atque
944 2835 1078 2914 etiamsi,
1091 2836 1193 2904 victus
1202 2839 1389 2926 impulsione

330 2928 576 3036 inexsuperabili
590 2956 722 3024 naturae,
745 2942 867 3010 adeum
890 2942 1006 3010 invitus
1031 2943 1161 3025 feratur,
1176 2945 1259 3012 band
1274 2947 1389 3016 invitus

331 3054 483 3144 prolecto,
498 3054 553 3120 sed
569 3051 664 3118 libere
676 3048 817 3117 membra
831 3049 890 3115 lroc
905 3058 958 3113 aut
980 3047 1034 3114 illo
1057 3049 1150 3116 modo
1173 3052 1322 3133 movebit,
1349 3054 1388 3120 ad

332 3163 467 3250 praedam
482 3161 557 3227 dum
582 3156 809 3246 progredietur.
828 3153 873 3220 lta
898 3154 1043 3220 salutaria
1066 3176 1199 3242 quaeque
1225 3160 1388 3247 ocertpabit

329 3267 460 3356 jubente
468 3267 531 3333 lato
545 3290 552 3348 ;
569 3262 723 3352 gradatim
737 3281 812 3327 vero
825 3258 948 3326 incedet
959 3258 996 3326 nd
1007 3280 1054 3340 ea,
1064 3272 1117 3327 aut
1128 3275 1322 3351 prorumpet,
1334 3275 1388 3332 aut

332 3374 460 3461 adrepet
476 3371 625 3438 insidiose
640 3381 670 3436 et
683 3367 771 3456 quasi
796 3365 934 3446 latitem,
959 3366 1058 3433 libero
1078 3377 1110 3434 ct
1132 3369 1261 3456 proprio
1286 3382 1383 3450 motu,

331 3489 426 3569 prout
437 3477 535 3546 satius
548 3473 749 3543 existimabit.

377 3585 456 3667 Quae
481 3580 608 3670 quidem
639 3580 697 3645 rite
726 3577 923 3644 deducuntur
948 3596 966 3642 a
990 3587 1146 3665 precepto
1166 3575 1269 3646 Procli
1295 3580 1382 3668 jndi-

331 3690 432 3762 cantis
464 3689 640 3756 libertatem
676 3682 858 3750 dominante
882 3681 1050 3769 cupiditate
1086 3682 1207 3765 minui,
1239 3685 1382 3775 adaugeri

341 3818 429 3877 vero,
452 3815 515 3884 quo
540 3790 640 3878 magis
656 3787 771 3856 animal
795 3788 876 3854 inter
901 3789 1059 3875 agendum
1086 3788 1183 3856 utitur
1207 3791 1378 3860 intellectu.

332 3903 395 3976 Sed
420 3901 492 3970 alibi
516 3897 555 3988 (v)
585 3895 645 3963 alio
670 3894 765 3962 modo
789 3893 995 3982 philosophus
1021 3894 1196 3962 libertatem
1219 3897 1374 3986 interpre-

332 4064 1384 4096 ww

371 4169 403 4242 (r)
422 4168 462 4226 Ci.
474 4165 576 4223 thesim
588 4167 697 4233 berger,
718 4160 868 4227 deProclo,
890 4175 918 4230 p.
934 4162 979 4215 76.

372 4255 399 4325 (o
421 4255 467 4314 ci.
481 4254 616 4311 Vaobernt
626 4271 633 4321 ς
645 4249 719 4308 c'cole
731 4249 929 4318 d⁷dlerandrie,
946 4249 979 4318 ll,
994 4250 1056 4304 262.
