3192 5475
682 426 792 505 ..27
816 464 858 478 -

233 573 411 665 principatu
426 571 460 639 in
472 590 565 639 aures
574 580 759 651 extensnm;
776 579 873 658 atque
884 567 1128 640 itemollactum
1138 569 1314 663 adnepos„

232 691 362 770 gustum
377 680 410 747 in
426 678 579 765 linguam,
596 686 714 747 tactum
737 678 770 743 in
796 697 924 744 omnem
939 676 1080 763 corporis
1095 676 1295 765 superficiem

234 788 423 879 productum
437 793 610 852 autumant.
628 783 816 856 Procreandi
832 802 906 851 uero
927 782 1059 850 facultas
1072 782 1202 871 spiritus
1213 776 1312 851 dici-'

236 914 289 970 tur
303 902 419 969 missus
433 900 472 966 ab
486 896 655 991 ἡγεμονικῷ
672 899 704 965 iu
726 898 869 967 membra
894 897 1009 967 semini
1031 898 1229 969 conficiendo
1242 918 1302 987 ap·

237 1020 284 1091 ta;
321 1017 353 1075 et
380 1007 466 1077 vocis
498 1006 611 1073 artifex
645 1006 790 1087 l'acultaS,
831 1004 962 1092 spiritus
998 1004 1030 1071 in
1062 1004 1204 1073 membra
1232 1005 1302 1075 voci

237 1114 409 1183 formandae
440 1113 673 1183 accommodata
702 1112 918 1179 transmissus.
945 1109 992 1179 lta
1019 1112 1141 1199 regium
1167 1111 1244 1180 illod
1274 1122 1307 1181 et

236 1207 408 1315 principale
431 1220 573 1288 medium
605 1218 755 1307 quiddam
787 1228 836 1285 est
873 1217 903 1284 in
939 1216 1030 1305 quod¹
1051 1237 1163 1287 omnes
1188 1201 1308 1287 animae¹

236 1330 320 1397 vires
330 1349 393 1396 una
406 1337 554 1415 vergunt,
571 1324 667 1393 veluti
681 1325 770 1393 uerri
782 1334 899 1391 coeunt
913 1324 945 1389 in
960 1324 1102 1405 cerebro,
1119 1324 1161 1390 ita
1176 1334 1212 1391 ut
1222 1326 1302 1393 ratio

237 1435 406 1515 sentiendi,
429 1431 600 1521 generandi
627 1441 659 1498 et
685 1430 854 1521 eloquendi
874 1449 967 1498 causa
990 1429 1032 1495 sit
1050 1430 1199 1499 eliciens.
1219 1430 1301 1501 Vide

237 1552 345 1610 autem
361 1551 395 1607 ut
409 1539 506 1607 Stoici
532 1540 572 1605 ab
593 1536 720 1627 ancipiti
744 1536 909 1625 disciplina
936 1536 1040 1603 suain
1056 1557 1197 1627 praeceps
1215 1550 1298 1607 eant.

238 1646 318 1718 Cum
328 1647 411 1717 enim
427 1646 518 1713 hrota
538 1645 660 1713 ratione
673 1664 781 1713 carere
795 1664 900 1733 neque
916 1642 1076 1712 immerito
1088 1643 1199 1720 velint,
1213 1664 1252 1715 eo
1267 1667 1303 1715 se
1383 1714 1386 1721 ,

236 1755 295 1845 ipsi
310 1754 483 1822 detrudunt
509 1763 543 1820 ut
566 1762 695 1843 propter
727 1750 920 1841 principatus
946 1759 977 1817 et
996 1760 1175 1818 ceterarum
1191 1751 1304 1819 anime

235 1862 370 1953 partium
385 1860 627 1939 connexionem,
655 1857 822 1925 hunorum
846 1855 990 1924 naturam
1011 1856 1051 1924 ad
1072 1856 1169 1927 inane
1196 1858 1304 1927 nescio

238 1968 313 2059 quid
326 1967 464 2055 adigant.
479 1965 622 2035 Primum
637 1965 722 2032 enim
744 1984 875 2031 necesse
889 1974 939 2031 est
951 1963 1142 2051 imaginandi
1157 1965 1313 2050 facultate,

243 2082 343 2151 bestia
357 2092 459 2161 vacet,
472 2100 568 2169 quam
581 2077 754 2146 istidicunt
777 2078 1021 2167 impressionem
1041 2100 1112 2149 esse
1140 2068 1313 2171 (τόπωσιν)

239 2197 288 2265 rel
313 2196 520 2263 mutationem
547 2186 754 2284 (ἀλλοίωσιν)
784 2192 818 2260 in
845 2192 1011 2281 principali
1025 2194 1122 2261 animi
1144 2206 1243 2283 parte.
1262 2195 1306 2286 (a)

239 2303 335 2392 Atqui
352 2303 376 2369 si
392 2311 477 2371 caret
489 2300 681 2389 imaginandi
697 2300 738 2381 ri,
755 2297 950 2387 experientia
965 2309 998 2367 et
1012 2301 1163 2369 memoria
1174 2303 1309 2393 carebit.¹

240 2410 330 2479 Hane
344 2409 428 2476 enim
441 2401 635 2497 imaginandi
652 2405 809 2475 facultatis
824 2405 980 2472 rationem
1002 2404 1175 2475 instituunt
1192 2408 1301 2483 Stoici.
1321 2433 1333 2468 ι

240 2518 320 2585 Cum
334 2516 470 2584 maxime
495 2515 527 2583 in
542 2486 646 2583 ludum
670 2513 774 2581 editus
787 2522 835 2581 est
854 2512 964 2593 homo,
981 2511 1193 2601 principatum
1207 2515 1307 2583 animi

200 2708 205 2714 .
241 2650 352 2721 puram
367 2630 584 2699 membranam
599 2615 669 2696 esse
689 2628 813 2716 lingunt
829 2624 991 2717 (χάρτην)
1005 2626 1182 2697 scribendis
1194 2629 1308 2702 litteris

241 2757 358 2836 aptam,
374 2745 484 2833 inqua
499 2744 653 2831 imagines
679 2763 792 2812 omues
806 2740 817 2832 (
833 2741 1058 2834 φαντάσματα)
1075 2765 1183 2814 rerum
1198 2757 1308 2835 postea

242 2849 1109 2938 notabuntur.ldeoubiquidpercipimusesensibus,id
1119 2851 1305 2941 inscriptum

242 2961 273 3028 iu
288 2959 470 3028 membrana
484 2967 603 3038 manet,
617 2956 660 3024 ita
675 2967 709 3024 ut
724 2956 882 3046 possimus
893 2957 964 3044 ejus
974 2957 1171 3040 meminisse,
1187 2969 1219 3028 et
1231 2982 1314 3037 cum,

243 3069 332 3156 plura
350 3066 381 3134 in
408 3066 458 3132 his
471 3063 569 3132 animi
583 3063 699 3131 tabulis
726 3073 915 3151 congregata
938 3063 1066 3146 luerint,
1090 3086 1196 3136 rernm
1212 3089 1307 3140 usum

242 3184 274 3243 et
301 3172 526 3264 experientiam
556 3170 693 3259 assequi.
722 3169 822 3238 Bruta
835 3191 911 3238 vero
926 3191 1031 3259 neque
1043 3172 1231 3242 memoriam
1243 3197 1308 3246 un-

242 3302 350 3370 quam,
367 3301 471 3368 neque
484 3277 712 3368 experientiam
727 3275 929 3358 obtinebunt,
944 3298 1018 3346 cnm
1034 3277 1133 3346 animi
1144 3281 1311 3372 principali

243 3398 331 3478 parte
343 3408 407 3456 non
422 3387 585 3464 instructa,
601 3383 719 3450 nullam
730 3383 763 3450 in
776 3403 811 3450 se
821 3383 999 3471 receperint
1008 3405 1115 3452 rerum
1126 3385 1309 3475 impressio-

243 3517 329 3564 nem.
344 3493 466 3563 Verum
477 3513 542 3562 nou
565 3489 642 3558 satis
657 3501 703 3557 est
712 3489 828 3557 Stoicis
839 3489 1035 3560 intellectum
1051 3512 1179 3560 omnem
1197 3494 1310 3564 bestiis

244 3603 420 3672 detrahere.
435 3598 535 3666 lmmo
548 3608 579 3666 et
595 3598 680 3686 ipsos
691 3597 960 3667 allectusomnino
970 3599 1096 3666 tollunt.
1112 3599 1161 3668 Ex
1171 3620 1209 3669 eo
1222 3603 1314 3673 euim

244 3707 328 3798 quod
344 3727 416 3797 pars
440 3704 552 3773 animae
568 3704 713 3792 princeps
723 3723 757 3770 se
772 3702 931 3780 immiscet
943 3705 1087 3791 reliquis,
1103 3715 1135 3774 et
1158 3726 1223 3774 nou
1238 3707 1311 3778 sine

245 3815 367 3882 ratione
382 3811 477 3880 homo
491 3811 598 3892 sentit,
615 3809 767 3898 loquitur,
784 3817 816 3875 et
830 3808 966 3877 similem
985 3810 1036 3877 sui
1047 3822 1189 3898 generat,
1202 3815 1309 3887 conti-

281 4044 316 4117 (α)
329 4048 367 4101 De
380 4041 455 4102 omni
469 4041 514 4098 illa
528 4040 685 4098 Stoicorum
699 4040 856 4111 disciplina,
875 4041 939 4100 vide
958 4042 1131 4113 Simplicium
1148 4052 1176 4102 et
1193 4056 1312 4106 annota-

246 4134 333 4198 tiones
346 4130 478 4200 solidasti,
497 4129 613 4202 passim.
