3192 5475
814 500 971 567 ..3..

359 641 498 711 debatur.
525 638 671 707 Ceterum
695 639 786 707 adest
808 637 1012 707 Parmenides
1031 638 1162 709 minime
1175 640 1291 709 dubius
1303 641 1435 710 clientis

359 747 454 835 hujus
477 744 577 814 nostri
604 755 766 833 patronus.
793 745 957 813 ludimbat
981 745 1065 813 enim
1088 745 1240 835 (anctore
1273 746 1430 835 Stobaeo)

358 853 482 923 nullum
496 851 610 919 animal
625 870 696 919 esse
710 850 841 919 rationis
851 870 976 940 expers,
992 852 1048 919 sed
1063 851 1168 920 omnia
1185 851 1429 936 intelligentiam

358 958 563 1029 etsoientiam
577 976 699 1045 capere.
1434 974 1447 1029 ·.

404 1062 490 1133 ldem
502 1063 654 1153 approbet
667 1062 890 1131 Abderitarum
903 1063 1011 1131 sebola
1024 1082 1160 1133 neeesse
1174 1074 1236 1146 est,
1249 1063 1308 1131 nisi
1323 1084 1359 1133 se
1370 1064 1426 1153 ip-

359 1191 428 1239 sam
441 1170 585 1239 refellere
599 1188 663 1239 non
677 1168 844 1236 dubitabit.
868 1168 931 1251 Qui
952 1169 1037 1238 enim
1052 1170 1129 1237 nihil
1143 1170 1204 1239 nisi
1217 1179 1340 1239 atomos
1354 1191 1429 1239 esse

360 1287 481 1367 putant,
506 1276 634 1345 excluso
653 1275 742 1342 omni
756 1274 869 1363 spiritu
890 1274 1086 1363 inoorporeo,
1100 1275 1122 1341 ii
1142 1296 1199 1344 eor
1212 1276 1312 1343 mutis
1324 1277 1428 1345 dene·

359 1393 436 1472 gent
463 1381 605 1449 animum
628 1382 766 1449 humano
787 1380 959 1449 similem?
985 1380 1056 1449 Nisi
1083 1381 1166 1449 sorte
1191 1380 1351 1449 individua
1371 1382 1428 1449 illa

361 1488 547 1578 corpuscula
560 1474 624 1555 no'n
640 1486 762 1555 valeant
775 1486 808 1553 in
819 1486 935 1555 bellois
953 1487 1077 1555 efficere
1090 1488 1174 1575 qnod
1187 1487 1220 1555 in
1230 1487 1430 1557 bominibus.

360 1594 437 1665 Ideo
448 1592 648 1663 Democritus
671 1591 866 1681 intelligendi
891 1602 924 1661 et
948 1592 1159 1681 cognoscendi
1188 1593 1338 1661 virtutem
1354 1592 1435 1662 seris

359 1700 524 1770 indiderat.
538 1698 606 1767 lmo
622 1698 726 1787 (atque
740 1698 772 1765 id
785 1698 893 1788 inopte
920 1699 947 1766 si
973 1719 1040 1766 rem
1066 1698 1174 1787 exiges
1187 1700 1226 1767 ad
1248 1698 1314 1767 veri
1329 1719 1428 1788 regu-

358 1805 434 1889 lam,
451 1826 516 1875 non
528 1805 664 1873 absurde
674 1804 700 1871 si
713 1803 851 1872 bominis
866 1804 1014 1894 respicies
1025 1803 1191 1893 instituta),
1202 1805 1316 1894 plantis
1330 1806 1431 1874 etiam

358 1912 496 1980 animam
518 1910 686 1998 quamdam
700 1910 881 1998 affingebat,
906 1910 1021 1999 quibus
1045 1910 1119 1979 insit
1144 1909 1197 1979 ille
1223 1911 1310 1979 oalor
1328 1930 1428 1999 quem

359 2018 497 2089 efficiant
515 2016 708 2104 conglobatae
725 2016 902 2085 animarum
914 2016 1021 2085 atomi.
