3192 5475
799 486 977 555 ..50-

351 626 469 697 nunna
481 648 611 697 sensum
624 624 747 697 nullum
759 629 959 717 possecllici,
972 630 1033 697 nisi
1045 630 1127 699 adsit
1138 650 1230 699 rncns
1242 629 1374 719 uigilans
1384 641 1414 697 et

352 734 567 823 quasiacriter
580 735 727 803 excitata.
753 734 876 825 Saepius
899 735 985 804 enim
1009 737 1167 805 sentimus
1185 734 1413 825 propemodum

352 840 534 925 inscientes,
549 860 654 931 neque
679 842 744 910 ullo
766 855 857 931 pacto
872 853 1014 911 mentem
1027 843 1067 910 ad
1081 855 1227 911 nostrum
1238 844 1325 910 hunc
1338 862 1412 910 sen-

352 967 423 1015 sum
434 947 644 1017 advertentes.
661 947 752 1015 Haud
765 948 856 1017 aliter
871 948 1056 1037 imprudens
1069 948 1224 1030 ambulas,
1240 960 1413 1038 spontaneo

351 1054 477 1142 quodan
492 1052 657 1135 instinctu,
674 1065 824 1141 tanquam
847 1053 991 1121 machina
1014 1075 1071 1143 per
1093 1075 1128 1123 se
1155 1064 1254 1136 mota,
1270 1054 1340 1122 sine
1354 1055 1414 1120 ulla

350 1160 484 1227 consciae
498 1160 668 1229 voluntatis
678 1160 878 1228 admistione.
894 1159 1170 1242 Quemadmodum
1185 1170 1292 1228 autem
1315 1158 1413 1227 multa

352 1264 475 1353 peragis
495 1266 581 1333 hand
607 1276 714 1334 coacta
729 1267 882 1354 proiecto,
898 1267 956 1335 sed
974 1277 1082 1335 tamen
1110 1267 1217 1335 minus
1231 1265 1412 1348 deliberata,

351 1372 394 1439 ita
426 1392 509 1461 saepe
540 1373 695 1441 sentimus
726 1372 812 1441 aliud
834 1384 976 1462 agentes,
1000 1383 1095 1462 atquc
1122 1393 1161 1441 eo
1193 1372 1358 1441 confusius
1385 1383 1414 1441 et

350 1476 515 1547 obscurius
537 1499 708 1568 quomens
736 1492 786 1547 est
811 1490 938 1549 avocata
959 1480 1060 1568 magis
1087 1500 1106 1545 a
1133 1501 1168 1547 re
1191 1500 1321 1548 sensum
1342 1480 1412 1548 elli-

350 1582 465 1653 ciente.
1153 1591 1156 1599 ’

392 1690 503 1760 Potest
512 1692 609 1781 igitur
622 1693 691 1761 sine
708 1694 871 1762 intellectu
895 1714 1008 1761 sensus
1028 1693 1177 1774 existere,
1193 1703 1227 1760 et
1240 1693 1414 1781 exemplaa

347 1795 514 1867 Plutarcho
525 1810 687 1889 assumpta
705 1820 772 1867 rem
783 1802 862 1869 adeo
873 1821 938 1868 uon
963 1800 1122 1879 refellunt,
1139 1809 1173 1866 ut
1187 1809 1297 1865 contra
1308 1819 1414 1867 corro-

348 1902 473 1973 borent.
490 1905 614 1974 inducit
628 1908 712 1973 enim
734 1908 896 1974 hominem
910 1907 965 1995 qui
981 1917 1108 1995 propter
1127 1904 1252 1993 legendi
1275 1904 1414 1974 studium

349 2010 388 2076 ah
402 2010 616 2099 intelligendis
633 2015 824 2081 adstantium
836 2014 1036 2081 sermonibus
1057 2013 1228 2081 inhibetur.
1258 2011 1368 2101 atqui,
1385 2012 1412 2079 si

347 2116 442 2185 modo
456 2138 529 2189 vera
543 2120 634 2188 docet
657 2120 857 2202 Plutarchus,
874 2142 948 2188 cum
959 2121 1043 2188 absit
1056 2119 1095 2187 ab
1110 2119 1315 2207 intelligendo
1337 2139 1409 2186 uos-

348 2235 409 2306 ter,
422 2245 440 2292 a
453 2225 618 2295 sentiendo
632 2247 760 2316 qnoque
775 2227 857 2294 absit
883 2248 1014 2296 necesse
1033 2239 1091 2295 cst.
1119 2226 1239 2293 Sensus
1258 2234 1364 2293 auteur
1379 2225 1415 2291 tit

349 2332 458 2419 procul
472 2333 583 2415 dubio,
612 2334 868 2422 quandoquidem
893 2335 998 2403 audita
1020 2331 1293 2401 confabulantium
1318 2331 1412 2400 verba

318 2426 322 2429 ’
347 2436 521 2527 eademque
535 2441 624 2530 prius
646 2462 711 2509 non
737 2440 907 2521 intellecta,
937 2442 1061 2508 animus
1091 2438 1240 2508 memoria
1264 2438 1411 2526 persequi

347 2555 453 2631 potest
461 2556 492 2613 et
506 2547 646 2635 relegere
658 2568 766 2615 secum
781 2557 815 2615 et
829 2546 1039 2635 interpretari.
1051 2543 1126 2613 Ideo
1137 2556 1222 2633 patet
1233 2545 1414 2633 exemplum

347 2649 430 2717 istud
446 2672 511 2719 non
525 2653 679 2721 destinata
702 2654 807 2733 scrire,
836 2654 936 2721 telum
961 2652 1090 2720 imbelle
1110 2651 1181 2720 sine
1197 2651 1273 2732 ictu,
1290 2663 1323 2719 et
1346 2670 1413 2718 rem

346 2759 533 2828 confirmare
548 2780 657 2843 uuam,
672 2761 748 2828 nihil
760 2761 891 2843 scilicet,
907 2761 984 2828 dum
999 2779 1091 2828 mens
1105 2758 1337 2848 peregrinatur,
1354 2756 1407 2824 in-

348 2863 457 2951 telligi.

390 2971 530 3053 Atenim,
544 2972 678 3060 inquies,
699 2973 813 3062 saepius
824 2973 929 3041 evenit
941 2984 988 3050 ut,
1000 2973 1132 3039 absente
1150 2971 1326 3038 attentione
1339 2970 1409 3036 ani-

347 3077 404 3159 mi,
426 3098 538 3147 scnsus
551 3100 677 3168 quoquc
694 3080 785 3148 absit.
802 3079 855 3148 Sic
867 3080 982 3148 voculis
994 3078 1151 3166 horologii
1165 3097 1263 3146 sonus
1277 3077 1413 3164 graviter

346 3185 550 3254 meditantem
576 3189 726 3276 praeterit,
750 3208 855 3276 neque
869 3188 962 3254 aliam
987 3187 1029 3254 oh
1052 3205 1179 3252 causam
1205 3183 1411 3251 Archimedes

348 3289 472 3360 delirus
486 3293 674 3380 cogitatione
688 3294 720 3361 in
742 3293 810 3360 suis
821 3291 1095 3380 disquisitionibus
1117 3311 1182 3358 non
1208 3289 1307 3356 sensit
1326 3289 1412 3355 mili-

346 3408 409 3466 tem
423 3421 641 3488 percussorem
658 3401 859 3467 futurum-
871 3398 1028 3487 Equidem
1042 3398 1141 3465 fateor
1151 3395 1255 3485 plures
1273 3394 1415 3463 accidere

346 3525 438 3576 casus
450 3506 503 3572 ubi
519 3517 741 3596 praeoccupatae
762 3505 878 3574 inentis
903 3505 1037 3572 intentio
1060 3503 1192 3593 impedit
1209 3523 1249 3569 ne
1264 3503 1407 3590 quadam

345 3633 440 3681 sensu
454 3613 667 3702 percipiantur
681 3639 688 3695 ;
706 3633 811 3700 neque
824 3613 921 3678 miror
929 3610 1133 3680 Cleomenem
1151 3609 1314 3678 recitatum
1325 3628 1407 3696 opus

345 3739 410 3786 non
421 3718 605 3800 attendisse,
622 3740 695 3786 curn
715 3718 864 3786 incensus
890 3718 997 3806 praelio
1023 3717 1115 3785 miles
1129 3717 1271 3784 adactum
1297 3717 1410 3781 vulnus

346 3846 574 3913 nonnunquam
603 3825 738 3913 ignoret.
768 3824 829 3893 Vel
853 3826 991 3894 abscissa
1018 3824 1142 3902 dextra,
1173 3821 1340 3890 Lucretius
1363 3819 1407 3886 ait

346 3953 437 4002 mens
455 3943 560 4001 tamen
577 3944 671 4019 atque
687 3931 824 4000 hominis
838 3932 885 3999 vis
