3192 5475
665 577 843 650 ..qq-

215 715 389 805 aatiqnitus
404 716 486 785 dicta
499 727 694 807 praeteream,
713 720 757 786 ait
770 719 960 801 Alexander,
978 720 1138 788 memoriae
1151 721 1283 789 mauda-

193 823 257 921 Ιὴο
273 844 336 891 rem
351 825 412 891 sub
428 826 584 893 Antiocho
598 838 710 894 actam.
730 826 792 907 Qui
813 848 885 894 rum
903 837 1082 895 armentum
1097 828 1194 893 aleret
1215 829 1284 894 ele-

218 930 421 1021 phantorum,
440 926 630 1020 praecellenti
645 933 759 1021 cuique
775 933 805 998 ri
817 954 881 1008 rore
896 953 923 1001 et
942 933 1127 1000 sortitu-tine
1155 934 1285 1001 nomina

217 1037 351 1105 heroum
379 1038 545 1119 indiderat,
573 1040 750 1127 numisque
784 1039 940 1107 detulerat
966 1039 1065 1127 Aiaci,
1090 1040 1142 1127 qui
1171 1051 1285 1128 praeter

218 1164 329 1213 omnes
353 1144 444 1211 sortis
468 1156 500 1213 et
518 1146 605 1233 operi
620 1146 746 1213 deditus
760 1146 1022 1235 conspiciebatur.
1039 1144 1118 1212 Cum
1131 1167 1207 1233 ergo
1219 1146 1283 1213 ssu-

219 1273 291 1321 meo
319 1272 374 1319 rex
400 1250 557 1337 trajiceret
571 1274 643 1319 cum
668 1253 819 1332 exercit-r,
836 1252 914 1343 Ajax
941 1262 1143 1341 nuncupatus
1157 1252 1286 1341 elephas

202 1360 256 1447 ¹ad
272 1358 369 1443 ripam
383 1358 575 1429 mombuur.
593 1360 761 1427 transitum
773 1359 899 1433 timens,
916 1369 951 1426 ut
964 1369 1051 1445 puto,
1064 1359 1105 1426 ob
1115 1358 1283 1450 gurgitem.

217 1464 321 1535 Ceteri
344 1484 431 1543 vero,
459 1465 650 1534 subsistente
672 1466 816 1546 ductore,
844 1486 938 1552 poue,
957 1475 991 1531 ut
1012 1464 1156 1545 decebat,
1172 1484 1288 1533 serra-

216 1570 294 1637 bant
307 1570 463 1639 ordinem.
478 1570 546 1640 Rrx
563 1570 693 1651 interea,
713 1570 785 1659 quia
801 1580 956 1638 maturato
976 1592 1056 1657 opus
1068 1579 1147 1649 erat,
1165 1569 1288 1638 vocavit

214 1677 455 1765 elephantorum
471 1677 639 1765 magistros
654 1677 707 1764 qui
721 1677 896 1744 transeunti
908 1688 983 1744 ante
997 1677 1076 1745 alios
1090 1676 1282 1766 polliceren-

215 1793 270 1851 tur
283 1784 486 1872 splendentes
502 1783 646 1857 uhaleras
669 1795 700 1851 ct
728 1784 888 1872 elephanti
915 1784 1100 1871 dignitatem
1129 1783 1279 1873 primarii.

190 1962 196 1969 ,
212 1889 295 1973 Quae
311 1890 364 1958 ubi
376 1890 527 1959 audiisset
542 1891 715 1973 Petronius,
732 1912 767 1958 se
781 1890 932 1959 audacter
950 1891 1082 1959 immisit
1094 1891 1125 1957 in
1138 1911 1280 1981 amnem,

217 2019 312 2087 quem
333 1998 434 2066 secuti
455 1996 507 2064 alii
528 1998 782 2067 transmiserunt.
802 1996 911 2087 ltaque
923 1998 1117 2087 promissum
1130 1999 1286 2065 bonorem

217 2115 379 2173 assecutus
391 2114 440 2171 est
471 2104 568 2193 AEgre
582 2103 611 2172 id
628 2104 700 2172 tulit
717 2106 810 2193 dian,
827 2104 906 2172 adeo
920 2116 954 2172 nt
968 2105 1121 2173 molestus
1133 2115 1165 2171 et
1177 2104 1282 2192 agita-

217 2220 267 2277 tus
281 2211 450 2279 deturbare
462 2219 564 2277 totum
579 2210 722 2278 ordinem
736 2222 914 2279 castrorum
936 2211 1082 2292 voluerit,
1103 2211 1286 2297 Telamonis

217 2318 318 2386 filium
339 2318 481 2385 referens
504 2316 544 2383 ob
565 2316 697 2385 Achillis
719 2336 805 2383 arma
822 2318 992 2385 furentem.
1010 2317 1173 2405 Siquidem
1187 2317 1288 2386 livore

219 2426 332 2516 plenus
345 2434 378 2491 et
391 2422 518 2491 rebeliis
541 2423 573 2489 in
597 2424 722 2502 itinere,
752 2432 784 2489 et
808 2422 838 2489 in
859 2423 971 2490 castris
985 2422 1191 2490 intolerabilis
1206 2433 1288 2503 erat,

218 2542 255 2601 ut
267 2530 322 2619 qui
334 2530 486 2619 dignitate
501 2551 535 2597 se
549 2529 703 2619 privatum
725 2549 796 2597 esse
810 2529 942 2597 doleret.
971 2528 1017 2597 Ea
1033 2550 1097 2598 nou
1125 2539 1200 2597 sunt
1225 2539 1292 2599 sto-

216 2638 290 2709 -lidae
304 2637 446 2727 pecudis,
471 2636 527 2705 sed
553 2636 660 2725 potius
686 2635 756 2724 ejus
778 2636 862 2724 quod
873 2635 1007 2718 Plinius,
1021 2656 1055 2703 re
1064 2636 1183 2702 affatim
1196 2657 1288 2717 com-

218 2755 319 2836 perta,
336 2743 415 2812 dixit
435 2771 451 2806 «
466 2744 582 2812 animal
595 2743 774 2832 proximum
789 2744 937 2812 sensibus
951 2744 1108 2810 humanis.
1127 2770 1143 2806 a
1159 2743 1219 2811 His
1232 2763 1292 2812 au·

212 2867 283 2922 tem
298 2851 523 2941 speciminibus
533 2851 747 2938 intelligentiae
759 2861 815 2918 ant
827 2852 944 2918 talibus
958 2850 1033 2917 nibil
1050 2849 1141 2918 Philo
1156 2870 1290 2939 respou-

219 2963 284 3030 det.
300 2958 436 3028 Facilius
456 2958 614 3026 existimat
637 2978 672 3026 ea
695 2958 854 3045 praeterire
881 2978 978 3048 quam
1008 2957 1163 3025 refellere.
1180 2955 1292 3058 Siqua

215 3076 325 3135 autem
348 3066 545 3133 adversarius
568 3076 698 3154 prepter
722 3065 952 3134 intolerabilem
967 3084 1041 3153 erga
1056 3064 1141 3132 feras
1155 3063 1289 3133 benivo-

185 3250 187 3256 ‚
219 3171 348 3242 lentiam
363 3191 458 3261 prave
476 3171 639 3263 judicarit,
662 3181 795 3261 occupat
820 3181 915 3260 atque
936 3171 968 3238 in
993 3172 1044 3238 his
1067 3172 1177 3238 haeret.
1193 3170 1246 3239 Sic
1258 3172 1291 3238 iu

220 3280 298 3350 illud
310 3280 469 3368 sapienter
488 3278 643 3347 incumbit
659 3290 694 3345 ut
705 3299 828 3348 coecum
844 3288 965 3346 naturae
980 3278 1134 3366 impetum
1150 3279 1293 3370 avalun*

220 3387 297 3456 taria
329 3384 497 3474 sagacitate
531 3396 687 3465 secernat,
725 3407 795 3474 qnae
820 3385 908 3452 nullo
931 3382 1113 3453 discrimine
1136 3384 1291 3454 habuerat

221 3492 411 3564 Alexander.
426 3492 540 3580 Liquet
552 3492 635 3560 enim
650 3492 822 3560 abestiolis
836 3491 1024 3581 quibusdam
1037 3491 1199 3580 ingeniose
1212 3492 1290 3560 taeta

221 3611 276 3670 aut
289 3599 413 3690 provisa
425 3599 457 3665 in
471 3598 617 3666 futuram
635 3621 697 3668 non
713 3619 783 3666 esse
807 3598 967 3688 sapientiae
991 3597 1198 3666 adscribenda
1217 3598 1289 3665 ani-

221 3707 323 3783 malis,
350 3706 406 3775 sed
432 3705 515 3772 illius
542 3707 744 3795 providentiae
765 3706 820 3794 qui
843 3715 988 3773 naturam
1016 3705 1194 3773 universam
1230 3725 1290 3772 suo

221 3814 352 3882 numine
367 3811 559 3879 moderatur.
577 3813 650 3882 Non
662 3834 716 3902 per
738 3833 773 3880 se
784 3822 895 3901 agunt,
912 3813 966 3880 sed
982 3833 1039 3902 per
1051 3811 1178 3894 Deum3
1204 3812 1290 3900 quod

140 3908 143 3916 ’
221 3920 253 3988 ni
276 3919 378 4000 fieret,
395 3918 522 3986 solertia
536 3919 681 3988 homines
705 3930 738 3987 et
758 3919 925 4008 prudentia
948 3920 1123 4000 vincerent..
1136 3917 1180 3987 Ea
1196 3917 1289 4006 igitur

212 4035 383 4103 mutorum
413 4025 645 4114 industriaque
662 4027 860 4115 praestantior
881 4026 1018 4109 excellit,
1046 4047 1083 4094 eo
1105 4024 1217 4112 majori
1242 4035 1291 4093 est

221 4142 455 4220 argumentoea
478 4134 677 4202 nonantione
700 4133 792 4222 dirigi
805 4134 860 4202 sed
876 4153 995 4214 carere,
1022 4143 1054 4200 et
1077 4131 1225 4221 equidem
1235 4128 1290 4212 illa

224 4239 439 4319 relimrminus
466 4239 583 4308 babere
606 4239 737 4328 ingenii,
762 4261 826 4328 quo
839 4242 921 4330 ,plus
943 4239 1160 4328 intelligentiae
1167 4237 1291 4342 possim
