3192 5475
822 588 1001 656 ..Η-

371 730 410 797 iis
425 730 597 820 impertire.
626 728 719 801 Philo
731 731 828 821 igitur
850 732 926 800 dum
951 732 1020 800 lleo
1036 730 1173 799 restituit
1197 751 1268 819 quae
1292 729 1437 799 suntllei

373 848 458 907 recte
471 838 558 915 lacit,
575 848 607 907 et
624 838 745 927 optimo
770 839 886 927 cuique
899 837 1088 928 philosopho
1103 838 1188 906 unde
1200 838 1320 927 placeat
1332 836 1438 908 habet.

372 942 517 1014 Philonis
529 942 616 1013 enim
628 944 668 1013 ad
684 945 784 1013 instar
805 945 905 1013 llivus
929 944 1130 1026 Thomasius,
1158 944 1330 1025 Cartesins,
1347 943 1437 1012 Leib-

371 1051 487 1120 nitzius
501 1073 575 1121 rere
588 1062 758 1121 senserunt
776 1053 862 1141 quod
887 1051 929 1119 sit
954 1052 1053 1119 latum
1068 1051 1239 1119 inanimali
1252 1050 1434 1138 esseprosi-

370 1156 511 1227 dentiam
534 1159 566 1226 in
592 1158 730 1227 universi
757 1158 866 1226 mundi
894 1168 1036 1246 parente.
1065 1158 1178 1247 Neque
1194 1158 1275 1224 male
1293 1159 1435 1225 conferas

367 1264 462 1333 buu
477 1265 536 1333 sibi
553 1285 609 1353 per
623 1264 809 1333 instinctum
819 1264 1017 1333 consulentia
1032 1263 1154 1353 sugiuae
1174 1285 1245 1353 quae
1260 1284 1324 1331 non
1336 1285 1392 1353 per
1406 1285 1437 1332 sc

369 1390 503 1461 scapum
514 1370 653 1461 attingit,
670 1370 726 1439 sed
741 1372 813 1460 ejus
824 1371 922 1460 gratia
949 1371 1004 1460 qui
1017 1371 1115 1439 voluit
1130 1384 1247 1439 metam
1262 1372 1438 1460 speculatus

366 1478 504 1569 assequi.
531 1478 576 1546 lta
598 1478 720 1547 nullum
744 1478 804 1547 sibi
828 1478 976 1567 proponit
1001 1477 1097 1546 hnem
1109 1497 1223 1544 aranea
1238 1479 1333 1546 telam
1362 1478 1438 1547 inte-

368 1604 468 1666 xens;
485 1582 517 1652 id
528 1584 613 1653 enim
626 1584 691 1673 agit
704 1584 971 1675 quemadmodum
997 1584 1100 1651 volarat
1114 1604 1199 1665 aves,
1214 1583 1363 1673 aquatilia
1387 1604 1438 1651 na

366 1700 448 1771 tant,
472 1689 633 1761 terrestria
658 1691 859 1781 gradiuntur,
888 1710 993 1779 neque
1007 1690 1179 1758 dicendum
1193 1710 1262 1758 eam
1278 1701 1385 1758 texere
1401 1700 1435 1759 nt

369 1806 653 1876 museasrenetnr,
681 1797 737 1863 sed
764 1797 868 1865 venari
897 1796 970 1884 quia
995 1797 1108 1878 texuit,
1139 1808 1170 1864 et
1194 1797 1294 1864 texuit
1309 1798 1439 1885 jubente

365 1912 479 1971 nutura
494 1913 549 1969 aut
563 1902 660 1990 potitn
682 1902 762 1985 Deo,
779 1902 834 1990 qui
849 1901 897 1969 vel
914 1902 1055 1971 minimis
1069 1913 1100 1970 et
1121 1903 1220 1991 prima
1230 1902 1334 1991 specie
1347 1902 1437 1970 vilis·

368 2008 458 2077 simis
483 2007 596 2077 mortis
623 2007 738 2097 effugia
761 2019 793 2077 et
828 2009 1039 2078 instrumenta
1064 2011 1136 2078 vitae
1154 2009 1321 2079 concessit.
1350 2009 1438 2078 Pbilo

369 2136 460 2185 suam
483 2115 524 2185 de
551 2115 686 2183 naturali
709 2114 862 2183 instinctu
881 2117 1071 2184 sententiam
1086 2116 1217 2185 feliciter
1232 2116 1434 2204 assumpsita

366 2222 491 2292 Stoicis.
510 2222 572 2291 Ubi
586 2242 661 2291 vero
681 2222 863 2290 animalium
878 2222 1011 2291 allectus
1024 2221 1176 2290 assimilat
1202 2220 1240 2289 iis
1268 2242 1340 2310 quae
1354 2222 1435 2289 irunt

369 2329 402 2399 in
421 2327 598 2410 arboribus,
615 2328 723 2417 ecquis
737 2348 813 2397 eum
825 2327 1002 2417 approbet?
1023 2327 1232 2417 Chrysippus,
1256 2338 1291 2395 ut
1315 2328 1436 2417 opinor,

370 2436 427 2505 sed
445 2434 523 2505 Jove
535 2434 729 2524 Chrysippus
749 2455 814 2503 non
832 2434 986 2523 judicabit
1008 2454 1112 2523 aequo.
1129 2433 1291 2503 Melliticat
1304 2435 1372 2523 apis
1387 2433 1437 2501 uir

367 2542 473 2633 operis
484 2542 623 2618 conseia,
638 2540 750 2621 fateor,
767 2560 872 2628 neque
886 2540 983 2628 ipsios
994 2540 1126 2609 arbitrio
1140 2540 1303 2622 obsecuta,
1317 2541 1374 2609 sed
1384 2560 1438 2628 pc

372 2648 436 2715 tius
447 2646 639 2728 necessitati;
657 2644 799 2715 ubivero
811 2646 952 2715 animosa
965 2646 1097 2715 bestiola
1108 2646 1183 2715 lacit
1196 2647 1227 2713 in
1244 2646 1436 2715 bostemim-

367 2765 478 2846 petum
492 2765 525 2823 et
538 2753 635 2822 vitam
649 2774 724 2822 eum
737 2753 847 2822 aculeo
863 2755 950 2842 ponit
961 2756 994 2845 in
1009 2754 1152 2836 vnlnere,
1162 2774 1269 2822 nonne
1287 2754 1318 2821 id
1332 2773 1435 2843 perse

278 2846 281 2856 Δ
366 2861 517 2932 etvolens
536 2870 568 2927 et
582 2859 709 2949 proprio
724 2869 813 2928 motu
828 2861 927 2930 lacit?
948 2880 987 2928 an
1000 2879 1037 2928 ea
1051 2860 1196 2928 machina
1210 2871 1260 2928 est
1273 2869 1430 2929 commota

367 2965 583 3036 exstrinsecus
593 2954 663 3034 sine
685 2965 857 3056 cupiditate
880 2980 913 3036 et
931 2966 1000 3036 sine
1023 2967 1146 3035 sensu‘l
1171 2966 1353 3035 Machiuam
1367 2966 1435 3035 dieo

367 3071 494 3161 subjicit
518 3081 638 3154 noster,
663 3083 717 3140 aut
737 3073 765 3141 si
788 3083 824 3140 tu
846 3072 957 3150 mavis.
974 3072 1118 3142 arborem
1132 3083 1164 3141 et
1178 3075 1328 3163 plantam.
1348 3071 1435 3142 uHae

365 3180 451 3251 euim
467 3177 527 3248 etsi
538 3179 658 3248 nullam
674 3178 811 3248 habeant
822 3179 938 3248 animae
951 3190 1085 3270 partem,
1097 3189 1201 3247 mmen
1214 3179 1430 3248 familiaritatis

364 3285 666 3374 abalienationisque
691 3307 756 3354 non
781 3286 937 3355 minorem
961 3287 1132 3374 praeierunt
1157 3284 1429 3373 significationem.

363 3393 533 3462 Moventur
547 3402 580 3460 et
593 3402 752 3476 creseunt,
768 3402 864 3481 atque
878 3403 1029 3481 tanquam
1043 3392 1152 3460 osculo
1177 3390 1358 3460 dilectionis
1376 3411 1433 3460 sa-

363 3498 495 3569 lutando
510 3500 746 3587 amplectuutur
762 3519 797 3566 se
818 3497 966 3579 invicem,
997 3510 1032 3566 ut
1053 3499 1135 3567 oliva
1160 3497 1309 3566 hedemm
1334 3509 1368 3567 ct
1388 3498 1435 3565 ul-

364 3627 455 3676 mum
481 3607 566 3675 vitis.
593 3605 724 3692 Aliquae
746 3615 851 3672 tamen
879 3625 941 3672 non
970 3607 1074 3674 solum
1090 3615 1252 3672 aversatur
1271 3604 1355 3685 uitis,
1380 3605 1433 3674 sed

364 3712 462 3782 etiam
487 3713 594 3792 evitat,
613 3711 781 3779 manifeste
804 3711 977 3779 ostendens
1001 3714 1033 3778 in
1053 3713 1202 3801 adspectu
1227 3731 1286 3779 suo
1308 3711 1431 3799 quodio

365 3819 474 3909 lugam
492 3837 528 3888 se
540 3827 680 3886 verteret
691 3817 717 3886 si
730 3816 827 3905 pedes
839 3816 969 3889 haberet
988 3869 1010 3885 ..
1030 3843 1045 3879 o

409 3924 473 3994 Ista
484 3925 623 4013 jamnon
638 3922 800 3992 Porticnm
815 3923 870 3991 sed
885 3921 1050 3993 Orientem
1062 3923 1217 4003 redolent,
1232 3942 1338 4011 neque
1360 3935 1431 3992 sunt

365 4029 616 4120 philosophantis
629 4029 685 4098 scd
694 4029 849 4098 canentis.
861 4027 1346 4119 (lthamsitaliacommentus
1358 4029 1429 4108 eris,

366 4156 430 4206 non
448 4147 512 4204 tam
527 4131 641 4204 bellue
651 4135 771 4204 adimes
784 4155 882 4224 quam
904 4136 1019 4226 plantae
1036 4134 1165 4225 adjicies
1176 4135 1336 4216 allectum,
1356 4135 1431 4202 uatis

366 4240 501 4310 mmulus
515 4240 570 4332 qui
585 4261 684 4313 novas
708 4241 840 4311 frondes
852 4240 1064 4311 admirantem
1086 4241 1234 4311 arborem
1250 4240 1354 4328 lingit,
1380 4254 1431 4312 ant
