3192 5475
655 684 834 753 ..15-

210 832 363 900 auxilium
386 830 521 906 invocet,
539 828 723 895 indomitam
750 825 834 893 illius
855 824 1058 913 petulantiam
1087 823 1272 892 coercitum.

212 939 297 1021 Quid
329 934 430 1003 inde?
462 934 632 1001 Hominem
644 955 682 1001 eo
705 932 885 999 liberiorem
900 953 980 1006 esse.
999 942 1031 999 et
1044 930 1143 1018 magis
1157 931 1274 997 volun-

211 1044 299 1111 tariae
321 1042 453 1110 actionis
476 1061 632 1128 capacem,
658 1062 722 1127 quo
753 1039 904 1126 majorem
937 1038 1000 1104 vim
1026 1037 1157 1104 rationis
1182 1037 1213 1103 in
1243 1057 1278 1103 se

213 1149 349 1238 recepit:
369 1149 461 1216 bruta
487 1169 574 1228 vero,
592 1147 657 1214 lere
676 1156 741 1214 tota
758 1146 789 1211 in
802 1144 1037 1233 concupiscibili
1051 1130 1165 1225 anima,
1181 1142 1278 1210 liber·

213 1267 275 1324 tate
299 1256 365 1321 lere
386 1254 528 1321 omnimo
549 1253 676 1342 privari.
712 1252 776 1320 Sed
790 1253 884 1339 longe
908 1251 1084 1318 marimum
1098 1249 1176 1317 illud
1190 1249 1276 1315 inte-

152 1366 156 1373 “
212 1372 287 1441 rest,
300 1360 444 1428 animalia
453 1360 570 1427 nullam
582 1359 698 1427 babere
708 1359 851 1427 notitiam
862 1358 932 1440 Dei,
943 1359 1026 1446 quod
1039 1367 1146 1425 contra
1157 1354 1279 1424 bomini

210 1468 353 1555 contigit.
369 1466 577 1554 Posteaquam
590 1466 673 1532 enim
684 1465 826 1531 divinum
835 1465 949 1531 montis
960 1476 1055 1552 atque
1066 1463 1148 1551 ignis
1158 1462 1277 1528 donum

210 1573 254 1641 illi
272 1572 562 1660 obtigisset,statim
572 1573 613 1639 nb
625 1572 725 1659 ipsam
736 1570 1032 1658 cumsuperioribus
1042 1569 1273 1656 cognationem,

208 1680 294 1747 Deos
308 1700 378 1746 esse
393 1678 548 1745 intellexit
560 1691 589 1745 et
602 1678 764 1766 protessus
778 1688 840 1757 est,
850 1697 1024 1765 eorumque
1041 1697 1160 1743 numen
1175 1694 1276 1766 rene-

210 1798 309 1866 ratus,
324 1796 442 1853 statuas
457 1794 491 1852 et
503 1783 609 1851 altaria
626 1784 741 1870 posuit.

255 1891 322 1959 lam
346 1892 439 1957 venio
453 1892 490 1957 ad
505 1890 769 1957 immortalitatem
792 1888 916 1956 animae.
943 1890 1073 1977 Legitur
1095 1890 1128 1956 in
1152 1890 1279 1978 Eclogis

211 1996 349 2065 Stobaei:
368 2022 383 2059 ιι
398 1997 571 2063 secundum
593 1994 754 2063 Platonem
770 1994 875 2061 omnis
889 1994 991 2061 anima
1005 1996 1191 2063 immortalis
1210 2006 1276 2074 est,

211 2112 242 2171 et
252 2124 377 2190 semper
392 2101 527 2181 mobilis,
541 2128 556 2163 ιι
576 2099 619 2189 (bl
636 2113 664 2167 et
683 2112 791 2168 contra
808 2102 840 2167 in
849 2100 1038 2168 Plutarcho:
1053 2129 1068 2166 ιι
1083 2102 1279 2189 Pythagoras

210 2218 242 2277 et
254 2200 342 2276 Plato
357 2208 470 2274 animae
482 2206 658 2273 rationabili
672 2206 940 2275 immortalitatem
960 2220 1116 2289 asserunt,
1134 2209 1220 2296 quod
1236 2209 1278 2276 sit

210 2334 275 2382 non
291 2314 358 2402 ipse
374 2314 471 2393 Deus,
484 2313 539 2379 sed
555 2312 665 2379 [eterni
675 2311 733 2380 Dei
748 2333 848 2399 opus;
870 2313 1027 2398 corrumpi
1043 2334 1118 2380 rero
1147 2324 1278 2382 censent

209 2420 346 2488 animam
368 2419 498 2485 rationis
508 2427 683 2505 expertem.
706 2445 720 2481 ιι
738 2418 855 2485 Nonne
867 2417 1015 2485 videntur
1027 2439 1062 2485 ea
1071 2418 1278 2507 repugnare?

211 2535 254 2605 et,
280 2524 306 2592 si
333 2546 407 2591 vere
428 2523 584 2591 contraria
607 2533 692 2599 sant,
721 2544 820 2609 ecqua
844 2522 985 2590 redditur
1008 2524 1093 2591 illios
1116 2524 1279 2593 discordiae

209 2630 318 2698 ratio?
347 2628 489 2698 Primum
514 2628 670 2708 omnium,
688 2628 862 2695 mobilitate
892 2629 997 2715 vigere
1032 2630 1167 2697 animam
1195 2632 1279 2720 apud

210 2736 373 2806 Platonem
391 2745 526 2802 constat.
538 2744 569 2801 et
584 2733 774 2822 obidipsum
788 2734 963 2802 animantes
977 2734 1030 2802 ille
1049 2747 1139 2803 vocat
1149 2739 1279 2806 arbores

167 2829 169 2835 ’
212 2843 297 2931 quod
320 2851 497 2909 morentur.
512 2839 605 2906 Haud
627 2860 661 2907 se
677 2839 806 2929 quidem
826 2841 989 2908 volontate
1001 2843 1126 2930 propria
1138 2855 1276 2925 movent,

213 2948 267 3016 sed
295 2946 356 3012 illis
382 2947 464 3014 inest
489 2945 677 3034 principium
705 2957 811 3012 motus
836 2945 950 3012 anima.
977 2945 1089 3014 Anima
1104 2948 1202 3034 igitur
1228 2948 1280 3017 illa

207 3061 387 3151 ¹plantatum
420 3056 570 3148 θρειπτκή,
610 3061 658 3127 vel
701 3083 757 3122 ou
746 3059 820 3141 ική,
862 3063 910 3129 tel
950 3063 1044 3129 eliam
1086 3058 1280 3154 ἓπιθυμηταή

211 3167 383 3254 appellata,
407 3185 491 3254 curn
532 3165 690 3234 lrabeat
682 3188 714 3232 ιιι
744 3187 778 3234 se
814 3167 960 3235 movendi
986 3170 1062 3260 vim,
1093 3180 1212 3237 aetema
1239 3170 1280 3237 sit

209 3292 381 3362 necessum
403 3273 461 3338 est.
438 3269 592 3362 tT'anto
621 3272 722 3360 magis
747 3275 905 3360 pecudum
932 3285 965 3340 et
986 3251 1152 3342 bominum
1176 3267 1281 3345 anima

205 3377 317 3472 ¹morti
324 3355 533 3448 subducitur.
552 3375 636 3444 unde
661 3377 761 3465 liquet
791 3399 903 3447 omnes
927 3381 1047 3448 animas
1072 3401 1128 3500 per
1154 3403 1280 3462 omnem

204 3463 319 3553 :eterni
320 3487 417 3576 tatem
436 3464 613 3551 duraturis.
629 3483 681 3551 Sic
704 3485 791 3552 locus
809 3485 938 3565 Stobaei
953 3486 1022 3554 Plat
1010 3496 1084 3554 tone
1097 3487 1165 3576 ipso
1178 3481 1274 3576 adju

202 3585 314 3670 nante,
328 3569 383 3657 del
369 3570 517 3678 lenrlitur.
548 3589 590 3655 bt
610 3611 684 3657 vcro
699 3590 885 3657 Plutarchus
905 3591 1096 3678 numquid
1084 3613 1157 3680 Jure
1171 3595 1276 3662 recla-

207 3696 304 3763 met‘l
330 3691 485 3762 Minime:
503 3705 576 3762 n'am
610 3695 637 3761 is
654 3717 787 3784 quoque
819 3715 892 3763 vere
915 3698 1104 3765 sententiam
1129 3699 1279 3788 explicuit

202 3793 370 3869 Platonis
380 3800 474 3882 Quod
488 3811 593 3868 autem
613 3800 676 3867 duo
689 3799 735 3866 illi
749 3823 861 3869 sensns
877 3803 957 3868 male
971 3791 1173 3886 conueniunt,
1189 3805 1280 3875 Plato

204 3907 279 3994 ipse
293 3927 327 3974 se
341 3914 464 4011 purget.
482 3903 628 3974 Cetemm
655 3907 796 3974 attendas
811 3907 905 3974 velim
918 3908 996 3976 duas
1010 3910 1123 3998 inopus
1136 3911 1278 3980 doctrina

205 4021 422 4114 partesposse
445 4013 577 4094 secerni,
589 4012 633 4079 ita
655 3995 843 4080 constitutas
861 4022 894 4079 nt
903 4024 1019 4105 ‚prout
1042 4014 1074 4081 in
1102 4009 1280 4087 alterutram

212 4107 361 4197 rletlectlt,
376 4117 463 4184 omni
477 4117 591 4185 animae
604 4127 659 4184 ant
673 4127 766 4186 certae
780 4118 906 4185 cuidam
920 4119 1033 4188 animae
1053 4122 1135 4232 parti
1145 4115 1299 4240 immor-

212 4221 546 4332 talitatemadscribat.
1245 4223 1262 4257 ²²

212 4325 391 4412 Somno
404 4325 489 4406 euim
509 4325 637 4423 ingenio
660 4323 709 4405 tir
733 4328 912 4405 lonicorum
936 4329 1179 4424 latinorumque
1195 4337 1283 4427 aphi-
