3192 5475
678 493 856 561 ..61-

233 630 1296 723 tinuamessedellaere,ternisdiebnsinterjectiselausoioraminc.

232 740 405 831 praecludas
419 742 714 832 exitumopilicibus
728 740 881 829 improbis
895 762 904 805 ε
925 741 970 807 ita
983 738 1165 829 cupidinem
1177 738 1295 809 amoris

232 847 375 937 pariente
387 848 464 928 otio,
480 851 518 917 ad
533 849 745 939 generandam
758 847 898 914 salaolem
912 846 1126 914 conterentur.

277 970 517 1043 Instinctusilla
543 974 704 1043 temeritas
730 973 762 1041 in
790 972 830 1040 iis
859 972 954 1039 etiam
987 972 1268 1060 apparetquacpud

233 1078 372 1148 hestiant
389 1078 555 1148 affectibus
573 1080 724 1147 humanis
744 1079 887 1167 proxima
902 1076 1061 1147 videntur.
1077 1077 1131 1146 Sic
1144 1077 1302 1145 interdum

231 1195 355 1277 partus
368 1184 482 1255 caritas
496 1197 528 1255 et
541 1188 672 1253 stultitia
686 1186 718 1253 in
742 1185 819 1251 seris
842 1184 1108 1273 conjunctissimae
1118 1194 1204 1253 sunt.
1221 1183 1299 1253 tsi-

234 1292 349 1367 nabus.
370 1304 505 1363 auctore
518 1293 632 1374 Plinio,
659 1293 816 1361 maximus
831 1291 862 1358 in
882 1292 1003 1361 catulos
1012 1311 1101 1359 amor
1118 1315 1126 1358 :
1143 1312 1200 1379 per
1208 1291 1301 1380 ignes

235 1400 330 1467 etiam
352 1399 393 1467 ad
415 1400 511 1469 scetus
537 1401 681 1469 tendunt.
710 1396 791 1467 Cuna
813 1419 890 1467 uero
903 1417 1002 1487 aqrrns
1022 1398 1302 1467 uehementissime

234 1507 372 1589 oderint,
386 1508 518 1589 eaedem,
529 1507 556 1573 si
567 1508 654 1575 rivus
664 1504 955 1579 mininausintersit,
965 1506 1096 1573 horrent
1106 1504 1149 1573 ita
1159 1516 1195 1571 nt
1203 1505 1301 1593 pedes

233 1613 365 1681 omnino
388 1626 516 1683 marcant
531 1613 668 1702 tingere,
684 1622 836 1681 maternae
846 1612 913 1701 jam
925 1611 1032 1679 oblitae
1046 1611 1180 1699 pietatis.
1207 1611 1301 1680 Unde

233 1719 295 1787 hoc
308 1718 370 1787 nisi
383 1720 469 1808 quod
483 1720 666 1809 progeniem
678 1739 766 1789 coeco
791 1718 912 1807 impetu
935 1718 1082 1805 diligant,
1099 1718 1183 1784 nulla
1200 1717 1299 1785 intel-

234 1824 338 1897 lectus
352 1826 534 1895 accessione
548 1827 567 1893 ‘l
590 1826 638 1895 De
651 1825 751 1893 simiis
766 1825 852 1893 item.
868 1824 1011 1907 Quarum
1025 1823 1136 1911 generi
1146 1825 1300 1914 precipua

235 1951 309 2019 erga
320 1932 430 2000 soetum
445 1933 580 2001 adlectio
596 1956 603 1999 :
623 1958 638 1995 a
656 1931 791 2001 Gestant
804 1931 1007 2020 catulosque
1019 1932 1243 2001 mansuefacere
1253 1934 1301 2000 in-

234 2048 282 2105 tra
293 2037 407 2105 domos
422 2058 585 2128 peperere,
599 2036 748 2107 omnibus
763 2038 986 2105 demonstrant
1014 2040 1205 2129 tractarique
1224 2061 1302 2129 gau·

233 2144 322 2223 deal,
337 2143 581 2233 gratulationem
595 2143 841 2231 intelligentibus
863 2144 986 2213 similes
1008 2169 1016 2227 ;
1042 2145 1119 2236 (illa
1131 2146 1170 2213 ad
1184 2147 1300 2216 simili-

232 2249 378 2319 tudinem
394 2250 527 2319 allectus
552 2251 692 2317 humani.
707 2247 782 2319 Haec
794 2269 871 2317 vero
885 2249 925 2316 ad
938 2250 1177 2321 inconsideratae
1190 2255 1300 2325 bestie

236 2356 405 2446 naturam)
421 2381 459 2425 :a
476 2355 584 2446 ltaque
603 2376 717 2445 magna
732 2377 769 2423 eu
783 2365 873 2443 parte
899 2357 1136 2443 complectendo
1148 2372 1300 2428 necant.»

236 2461 317 2533 Cum
331 2463 445 2551 gallina
457 2463 592 2533 exclusit
606 2462 744 2529 aiaatoria
760 2482 819 2531 ora
833 2461 892 2529 sibi
906 2483 961 2551 per
969 2463 1112 2531 fraudem
1125 2466 1300 2555 supposita,

235 2570 386 2659 videtque
400 2569 572 2637 anaticulas
584 2570 615 2635 in
628 2588 741 2656 aquarn
757 2590 792 2637 se
815 2568 970 2657 impauide
995 2570 1215 2655 immittentes,
1232 2584 1298 2643 tre-

238 2676 324 2770 pidat
336 2697 410 2746 cum
424 2676 566 2764 singultu
594 2685 694 2744 mater
714 2675 808 2744 auxia
831 2676 887 2744 sed
911 2693 1021 2764 parurn
1046 2676 1240 2768 intelligens,
1265 2691 1302 2749 ut

236 2806 308 2874 quae
323 2783 430 2852 minus
443 2785 583 2852 advertat
596 2803 658 2850 non
672 2803 761 2850 suam
776 2783 857 2850 lianc
876 2803 957 2863 csse,
971 2783 1027 2850 sed
1040 2784 1250 2874 alienigenam
1262 2808 1299 2858 ac

237 2891 310 2961 dolo
318 2891 406 2959 velut
417 2889 544 2958 insitam
560 2888 755 2980 progeniem.
774 2887 862 2972 Quin
885 2889 980 2958 etiarn
1010 2904 1227 2961 ovacretaeea
1242 2895 1302 2962 im·

239 2998 335 3087 pigrae
350 2996 442 3066 matri
457 2996 679 3085 subjiciuntur,
695 2995 807 3064 eodern
822 2996 921 3063 ferme
935 2996 1027 3064 arrodo
1041 3020 1105 3085 quo
1119 2999 1303 3090 lapidespro

238 3103 412 3172 infantibus
432 3101 570 3172 Saturno
595 3103 848 3192 apponebantur,
865 3101 934 3170 Deo
967 3104 1106 3171 helluoni
1136 3117 1168 3173 et
1182 3108 1302 3176 minus

205 3259 210 3270 .
242 3220 400 3278 emunctae
411 3210 506 3278 naris.
523 3207 580 3276 His
593 3219 696 3276 tamea
711 3209 828 3296 gallina
844 3208 1149 3298 incubatinsipiens,
1163 3213 1220 3279 sed
1233 3215 1303 3284 sine

240 3317 371 3398 fructu,
399 3314 532 3405 perinde
574 3327 724 3402 tanquam
753 3314 878 3383 delosso
905 3334 1019 3381 auarus
1038 3337 1116 3384 auru
1145 3319 1301 3403 incubat;

242 3422 331 3510 quasi
345 3421 418 3488 inde
430 3420 528 3510 possit
541 3420 584 3486 illi
595 3440 667 3488 vera
682 3419 787 3488 enasci
799 3430 832 3487 et
843 3421 1039 3490 efflorescere
1053 3423 1196 3492 felicitas.
1208 3425 1304 3494 Galli-

240 3548 315 3598 nam
332 3537 438 3596 tamen
454 3527 540 3598 fraus
554 3526 669 3609 aliena,
682 3547 812 3594 avarum
837 3547 893 3595 sua
908 3528 1041 3616 pravitas
1052 3529 1179 3618 decipit,
1194 3532 1236 3598 ita
1262 3545 1299 3602 ut

240 3657 324 3704 unus
336 3635 606 3702 rationelaumana
617 3633 700 3702 male
716 3643 833 3718 utatur,
846 3634 943 3702 altera
956 3647 1070 3702 eareat.
1089 3635 1299 3708 Caretautem

240 3741 326 3810 illius
337 3741 396 3810 Dei
407 3741 538 3810 consilio
559 3741 613 3830 qui
637 3760 708 3808 cum
725 3742 862 3808 noluerit
885 3741 1030 3808 homines
1042 3752 1074 3810 et
1088 3755 1171 3813 muta
1187 3747 1298 3816 eudem

241 3869 376 3918 numero
390 3860 422 3918 ct
434 3847 503 3916 loco
524 3848 653 3930 haltere,
669 3848 739 3916 aliis
760 3848 911 3935 majorem
926 3848 1134 3932 intellectum,
1148 3852 1217 3920 aliis
1231 3853 1301 3922 ins-

241 3956 376 4024 tinctum
388 3953 544 4022 acriorem
560 3954 702 4036 donavit,
728 3953 823 4020 rebus
838 3955 881 4022 ita
892 3957 1075 4042 temperatis
1087 3968 1133 4038 ut,
1151 3971 1305 4046 quantum

239 4060 418 4132 detrahitur
442 4061 482 4128 ab
509 4059 678 4141 instinctu,
703 4069 829 4128 tantum
852 4061 1020 4150 adjiciatur
1046 4063 1238 4150 intellectui,
1268 4090 1305 4137 ac

240 4187 366 4238 rursum
376 4167 547 4238 instinctus
560 4187 617 4256 pro
628 4167 745 4240 utentis
770 4166 994 4240 imbecillitate
1007 4169 1190 4242 invalescat.
