3192 5475
696 458 874 524 -77-

249 602 472 691 prudentiores
486 600 639 669 habentor
649 621 801 691 aquarum
816 601 989 668 incolisaut
1002 601 1061 667 snb
1073 609 1187 667 terram
1202 599 1314 668 nven-

252 708 348 775 tibus,

308 825 498 911 Quanquam
525 824 707 891 animalium
731 824 780 893 vel
812 824 947 891 maxime
976 823 1134 910 sagacium
1159 824 1237 890 ratio
1258 825 1318 892 bu-

251 952 353 1000 manae
365 930 476 997 rationi
490 931 604 1018 primas
617 931 740 999 deferre
749 931 886 1019 cogitur,
902 940 1031 1019 propter
1044 940 1187 997 naturam
1201 917 1317 1019 corpo·

248 1039 304 1120 rie,
317 1039 408 1126 cujus
422 1058 440 1105 e
453 1038 598 1104 sensibus
610 1047 641 1104 et
654 1037 881 1105 constitutione
895 1056 1040 1123 magnam
1053 1036 1083 1103 in
1096 1048 1214 1125 partem
1232 1057 1313 1124 pen·

250 1146 304 1213 det
315 1145 519 1212 intellectus:
541 1144 584 1210 ita
608 1144 754 1211 videntur
776 1143 921 1211 homines
949 1144 1103 1231 pecudem
1128 1142 1255 1210 solertia
1285 1149 1318 1210 et

249 1250 396 1319 acumine
416 1250 531 1317 mentis
550 1251 745 1317 antecedere.
760 1248 809 1316 Ex
829 1271 893 1338 qno
907 1265 1011 1317 tamen
1031 1249 1162 1316 minime
1182 1248 1318 1317 efficitur

248 1378 313 1426 non
324 1356 467 1427 camdem
480 1376 551 1423 esse
574 1355 657 1444 apud
674 1366 844 1443 utrumque
867 1376 967 1444 genus
982 1355 1113 1424 rationis
1131 1356 1313 1423 essentiam.

251 1464 353 1532 lnrrno
365 1462 478 1529 animae
492 1462 639 1551 quaelibct
650 1461 909 1529 communitatem
921 1461 1036 1529 babent
1051 1461 1246 1541 substantiae,
1261 1482 1318 1529 ne-

253 1578 428 1659 quepotest
447 1569 498 1635 illa
513 1568 723 1636 communitas
744 1587 913 1656 corporum
942 1567 1120 1635 diversitate
1143 1568 1314 1656 eorrumpi.

259 1676 333 1745 Non
359 1676 443 1743 enirn
467 1675 579 1742 animae
606 1686 715 1741 natura
742 1682 863 1741 mutato
887 1694 1019 1764 corpore
1041 1673 1237 1754 immutatur,
1263 1675 1319 1742 scd

249 1782 438 1870 compatitur
451 1790 573 1847 tanturn
583 1779 687 1846 anima
703 1798 777 1846 cum
791 1800 933 1868 corpore,
952 1791 984 1847 et
1008 1781 1068 1847 boc
1079 1790 1134 1847 aut
1148 1780 1224 1847 illud
1238 1781 1317 1868 agit,

255 1897 350 1977 prout
361 1886 546 1975 corpusluit
560 1886 620 1954 boe
633 1885 681 1953 uel
706 1885 760 1952 illo
786 1886 880 1954 modo
894 1884 1040 1954 affectum
1062 1898 1095 1954 et
1113 1885 1314 1975 dispositum.

258 1992 350 2075 Inde,
367 1992 392 2060 si
405 1994 486 2060 soret
504 1991 624 2059 bomini
640 2010 754 2080 corpus
768 1992 974 2060 constitutum
987 1993 1089 2074 aliter,
1105 1994 1190 2060 baud
1203 1993 1317 2061 scioan

249 2108 380 2189 peragat
402 2098 471 2187 ejus
489 2097 613 2165 animus
627 2118 662 2165 ea
681 2119 752 2187 quac
770 2119 856 2166 nunc
879 2118 972 2187 agere
986 2100 1116 2168 minime
1129 2099 1233 2181 valet3
1258 2119 1317 2189 pe-

249 2205 340 2273 rinde
352 2216 500 2292 tanquam
508 2204 574 2293 ipsa
588 2204 725 2271 terarum
735 2204 852 2285 anima,
864 2216 1004 2293 separata
1016 2226 1034 2272 a
1045 2226 1189 2295 corpore,
1206 2206 1318 2274 iisdem

249 2310 422 2381 efficiendis
432 2330 488 2399 par
499 2311 559 2378 erit
570 2310 685 2399 quibus
697 2310 836 2379 bominis
854 2311 970 2393 anima,
986 2322 1117 2400 propter
1130 2331 1221 2381 suam
1244 2331 1317 2381 cum

249 2418 301 2485 illa
313 2418 533 2505 cognationem
548 2427 580 2484 et
593 2416 804 2505 equalitatem
818 2418 974 2486 essentiae.

292 2531 333 2599 At
349 2531 462 2599 dixerit
489 2529 616 2618 aliquis,
645 2532 737 2598 bruta
765 2554 835 2620 quae
860 2532 972 2599 rationi
995 2543 1119 2621 parent,
1144 2544 1253 2601 natura
1274 2530 1319 2598 illi

245 2647 369 2729 parent,
400 2658 463 2705 non
486 2637 641 2706 consulto.
663 2635 760 2719 Quasi
775 2639 1017 2727 nobisquoqne,
1034 2641 1202 2727 respondet
1229 2639 1316 2708 Por-

247 2745 392 2834 phyrius,
406 2744 486 2812 ratio
501 2764 565 2811 non
579 2744 650 2812 insit
675 2757 786 2812 natura
803 2745 810 2812 l
837 2745 989 2829 Quamvis
1002 2747 1088 2816 enim
1101 2747 1200 2814 multa
1225 2746 1318 2817 nobis

247 2851 412 2940 disciplina
436 2859 670 2938 comparentur,
697 2852 844 2940 pleraque
864 2864 967 2922 tamen
987 2864 1132 2922 anatona
1150 2856 1312 2931 doeemur,

252 2957 339 3046 quod
363 2957 445 3025 idern
467 2955 501 3024 lit
521 2956 552 3023 in
581 2957 783 3026 animalibus:
813 2980 885 3027 cunr
909 2960 1032 3027 discant
1058 2960 1203 3050 quedam
1225 2981 1243 3028 a
1268 2981 1315 3042 se,

253 3064 407 3133 nonnulla
447 3065 540 3132 otiam
574 3062 613 3130 ab
645 3064 786 3143 bomine,
821 3065 999 3154 plurimae
1031 3068 1181 3154 magistra
1208 3077 1318 3135 natura

245 3191 405 3258 accepere.
423 3171 524 3244 Immo
551 3171 638 3239 Deus
660 3191 723 3237 uon
751 3172 906 3254 doctrina,
922 3172 980 3240 scd
1005 3182 1116 3240 natura
1139 3174 1316 3242 solaretio-

245 3277 400 3354 nalisest,
425 3280 536 3364 utqui
566 3277 642 3344 nibil
677 3297 814 3365 unquam
838 3278 959 3347 discere
975 3278 1084 3367 possit.
1115 3279 1232 3348 Totum
1257 3283 1318 3350 boc

244 3383 406 3472 Porphyrii
430 3402 615 3470 responsum
639 3383 755 3450 nullius
776 3386 924 3472 ponderis
946 3395 1005 3453 est.
1034 3385 1116 3454 Nam
1131 3386 1258 3474 quando
1283 3402 1315 3455 tc

246 3489 463 3558 rationabilem
495 3496 607 3556 natura
646 3488 737 3569 dicis,
767 3512 830 3558 non
863 3491 947 3559 idem
980 3504 1029 3561 est
1062 3514 1157 3581 quam
1191 3493 1217 3560 si
1247 3514 1314 3562 rem

244 3595 330 3662 illam
366 3594 542 3683 profitearis
576 3594 615 3662 dc
650 3596 780 3684 pecude.
808 3597 840 3664 Si
861 3599 945 3665 enirn
972 3599 1089 3668 mentio
1113 3600 1148 3665 lrt
1165 3598 1314 3669 bominis,

248 3710 366 3766 notura
381 3700 536 3788 significat
547 3710 667 3768 naturae
681 3700 812 3784 donum,
827 3727 898 3792 quae
914 3706 1006 3774 nobis
1017 3706 1171 3774 rationem
1185 3707 1294 3775 inserit
1309 3730 1316 3785 ;

244 3807 293 3875 siu
313 3818 421 3874 antem
437 3807 521 3888 lcrae,
535 3807 722 3876 vocabulum
746 3808 822 3876 illud
848 3812 1064 3901 interpreteris
1089 3824 1239 3902 tanquam
1252 3814 1315 3881 vim

243 3923 274 3982 et
287 3914 507 3981 neces-itatem
524 3923 643 3982 naturae
658 3914 751 3983 illius.
767 3915 851 3997 Quid
868 3919 988 4006 plura?
1015 3919 1111 3989 Bruta
1136 3934 1259 4003 natura,
1283 3920 1316 3989 id

244 4030 293 4088 cst
316 4020 469 4087 instinctu
495 4020 631 4108 quodam
645 4032 807 4105 extraneo,
822 4044 924 4113 neque
942 4047 1055 4114 perse,
1082 4027 1196 4096 rationi
1216 4030 1316 4096 multa

240 4126 447 4213 congruentia
459 4126 599 4194 efficiunt
619 4151 626 4207 ;
658 4128 764 4208 borno,
782 4149 914 4198 munere
933 4133 1064 4201 rationis
1081 4133 1232 4203 divinitus
1257 4156 1314 4204 ac-
