3192 5475
787 599 965 672 ..16-

348 741 549 831 losoplrorum
572 742 745 833 disciplinis
773 744 1017 826 eruditissimus,
1043 764 1154 813 eorum
1168 745 1272 833 primo
1294 762 1329 811 se
1343 743 1429 809 im·

347 847 456 915 buerat
481 848 645 936 preceptis
666 849 720 938 qui
744 852 863 919 mundo
885 851 1032 919 universo
1062 850 1200 918 animam
1225 869 1319 916 unam
1355 866 1426 914 as-

347 952 483 1041 signant,
505 964 614 1021 cteam
629 976 869 1044 quoquoversus
882 977 953 1025 esse
980 956 1126 1024 diffusam
1139 956 1180 1023 ab
1195 955 1265 1045 ipso
1278 954 1429 1022 Socrate

348 1058 509 1129 didicerat.
551 1060 629 1129 Inde
667 1082 740 1129 curu
784 1073 971 1151 sequeretur
997 1082 1125 1131 omnem
1160 1061 1310 1141 animam,
1352 1052 1431 1127 Dei

353 1166 548 1257 particulam,
567 1177 782 1235 consecratam
804 1190 873 1237 esse
893 1168 1130 1249 immortalitati,
1159 1168 1192 1237 io
1216 1168 1304 1237 Plato
1319 1165 1429 1235 facile

347 1286 450 1341 ratum
470 1273 592 1341 habuit.
608 1271 723 1341 Postea
741 1294 816 1342 vero
843 1295 915 1343 com
939 1276 978 1343 ab
992 1276 1045 1343 illo
1063 1274 1229 1343 universali
1255 1273 1374 1363 spiritu
1388 1272 1428 1341 in

348 1384 453 1451 omnia
480 1400 686 1469 quacumque
712 1380 853 1449 sentiunt
873 1383 1024 1449 etrivunt
1054 1382 1160 1449 inluso
1190 1382 1273 1447 velut
1299 1380 1426 1449 oculos

347 1488 476 1577 paulum
498 1487 682 1566 avertisset,
710 1487 794 1573 quod
817 1487 914 1554 estin
931 1487 1034 1554 anima
1051 1486 1161 1553 mundi
1183 1485 1427 1553 excellentissi-

349 1623 450 1683 mum,
492 1602 521 1669 id
557 1614 618 1685 est,
646 1612 787 1669 mentem
808 1602 898 1692 (νοῦν)
926 1601 1102 1671 accuratius
1124 1611 1157 1669 et
1184 1601 1342 1690 praecipue
1370 1601 1428 1667 in·

348 1709 428 1776 tueri
439 1710 544 1797 coepit.
559 1708 605 1775 lta
620 1709 653 1775 in
673 1708 928 1796 :ootemplatione
941 1709 1058 1777 mentis
1069 1708 1196 1789 inimus,
1223 1727 1318 1795 quam
1332 1707 1428 1774 foret

353 1814 555 1887 admirabilis.
572 1834 666 1902 quam
681 1836 755 1883 vere
767 1815 871 1883 divina
882 1815 996 1883 clarius
1013 1815 1151 1903 agnovit,
1175 1824 1206 1881 et
1221 1813 1349 1881 sublimi
1362 1812 1426 1879 illa

351 1920 617 1989 commentatione
643 1920 792 1988 inductus
809 1933 856 1988 est
880 1932 915 1987 ut
929 1931 1032 1988 cetera
1056 1930 1206 2009 tanquam
1229 1919 1338 1986 infima
1355 1918 1427 1985 mi-

357 2028 436 2095 nimi
462 2028 587 2094 laceret.
604 2026 681 2093 inde
695 2026 774 2094 ratio
800 2026 851 2093 illa
864 2028 1018 2092 lunarum
1036 2048 1106 2113 quae
1129 2026 1204 2095 solae
1227 2046 1302 2093 vere
1324 2037 1423 2109 sunt,

353 2140 399 2229 (τὸ
412 2136 457 2231 ὄν)
486 2151 518 2209 et
553 2143 746 2231 contemptio
764 2143 953 2211 caducarum
966 2144 1090 2210 illarum
1105 2141 1278 2229 imaginum
1300 2140 1425 2230 quibus

354 2256 463 2316 noster
474 2248 525 2316 hic
538 2248 621 2316 orbis
633 2248 732 2317 veluti
746 2250 922 2318 simulacris
935 2259 966 2318 et
981 2249 1102 2316 umbris
1123 2249 1280 2337 oppletur.
1307 2247 1426 2333 Itaque

352 2376 425 2423 curu
436 2366 575 2423 sumeret
587 2355 664 2422 nihil
679 2369 791 2443 praeter
808 2358 903 2421 lucus
916 2375 1026 2424 revera
1039 2356 1188 2437 existere,
1205 2354 1286 2421 lraud
1298 2353 1339 2419 ita
1349 2351 1423 2419 mi·
1545 2362 1546 2383 ¹

353 2461 489 2528 randum
508 2461 534 2527 si
548 2462 756 2528 aeternitatem
771 2462 976 2530 reservaverit
988 2462 1101 2529 animae
1114 2472 1231 2530 nostrae
1242 2459 1324 2548 parti
1346 2478 1425 2547 quae

355 2567 477 2635 divinas
490 2577 521 2634 et
536 2566 728 2633 immortales
752 2588 858 2634 rerum
884 2568 1001 2634 formas
1025 2567 1172 2655 concipit.
1192 2566 1327 2634 Animus
1342 2584 1424 2651 crgo
1545 2553 1546 2584 ³

356 2672 549 2744 rationabilis
562 2674 649 2741 solus
662 2682 710 2740 est
720 2682 858 2740 aeternus
869 2697 876 2755 ;
886 2683 1074 2742 ceteravana
1087 2685 1172 2746 sunt.
1186 2682 1231 2753 ot,
1244 2670 1337 2740 sicuti
1349 2690 1425 2737 cor-

355 2801 432 2870 pora
452 2793 553 2846 morte
568 2779 761 2847 dilabuntur.
792 2779 900 2847 Talem
920 2780 1018 2846 luisse
1034 2779 1182 2868 platonici
1205 2778 1323 2865 ingenii
1348 2797 1425 2864 pro-

356 2905 501 2975 gressum
526 2885 616 2952 facile
649 2884 849 2952 crediderim.
884 2886 1007 2952 Animae
1032 2885 1199 2972 cujuslibet
1226 2884 1426 2952 immortali-

356 3003 454 3060 tatem
480 3000 597 3068 tuetur,
626 2991 772 3058 inductus
794 2991 940 3058 videlicet
964 2991 1163 3079 antiquarum
1186 2989 1424 3077 disciplinarum

358 3097 594 3166 recordatione:
621 3097 699 3164 nihil
723 3097 782 3164 nisi
803 3108 942 3164 mentem
968 3107 1123 3165 aeternum
1144 3098 1320 3185 profitetur,
1347 3118 1423 3166 cum

358 3204 426 3292 ipse
442 3204 491 3270 sui
503 3203 765 3291 inventorumque
794 3224 924 3271 suorum
945 3204 1028 3271 bene
1064 3204 1219 3270 meminit.

403 3309 562 3390 Quorsum
590 3329 663 3376 vero
678 3310 772 3377 haec?
791 3310 846 3390 Ut,
870 3330 935 3377 non
955 3331 1026 3377 meo
1045 3310 1101 3378 sed
1128 3309 1268 3378 Platonis
1293 3309 1424 3376 nomine

361 3415 464 3505 (audio
479 3424 510 3482 ct
525 3415 639 3493 resero,
668 3435 732 3481 uon
758 3426 866 3481 autem
893 3416 1018 3505 credo),
1046 3416 1217 3483 bestiarum
1239 3415 1361 3482 animas
1384 3415 1425 3481 ab

360 3520 491 3588 interitu
504 3519 697 3608 prohibeam.
713 3520 786 3586 Sive
801 3521 885 3586 enim
904 3523 1022 3589 stooaei
1044 3543 1101 3590 seu
1113 3521 1272 3590 Plutarchi
1283 3522 1427 3590 testimo·

360 3627 450 3694 nium
470 3625 649 3704 adhibetur,
664 3645 716 3692 res
733 3625 838 3692 evenit
852 3627 974 3693 coelem.
992 3628 1075 3694 Nam
1099 3627 1126 3694 si
1137 3627 1295 3695 Plutarchi
1318 3629 1423 3696 locum

360 3731 510 3811 attendis,
522 3731 626 3796 anima
637 3731 803 3798 brutorum
817 3732 940 3819 corpori
951 3733 1104 3801 dissoluto
1121 3734 1288 3821 supererit,
1315 3743 1425 3821 quate·

361 3859 422 3905 nus
436 3836 470 3903 in
485 3857 520 3904 se
533 3835 707 3904 continebit
721 3836 839 3924 aliquid
853 3838 953 3904 menti
963 3847 1019 3904 aut
1032 3838 1146 3905 rationi
1158 3839 1262 3905 aliine.
1291 3839 1340 3906 lra
1363 3860 1423 3907 au·

361 3963 426 4020 tem
452 3954 463 4039 l
477 3946 586 4040 θύμος)
614 3950 744 4018 rationis
757 3962 807 4020 est
821 3953 965 4021 nonnihil
976 3953 1144 4044 particeps,
1161 3965 1192 4022 et
1203 3955 1300 4035 ideas,
1314 3977 1424 4024 eorum

362 4079 433 4146 quae
458 4066 570 4125 natura
592 4056 811 4144 complectitur
828 4059 1018 4148 exemplaria
1033 4068 1162 4140 aeterna,
1188 4061 1324 4147 pecudes
1352 4062 1427 4150 ipsae

364 4164 396 4229 in
430 4183 465 4230 se
489 4163 658 4250 impressas
682 4163 801 4230 habent
825 4163 879 4254 (o).
906 4165 989 4253 Ergo
1012 4166 1113 4232 bestia
1135 4166 1238 4254 aliqua
1264 4168 1313 4234 sui
1340 4176 1427 4254 parte

398 4295 435 4365 lo)
452 4293 520 4356 Vitia
534 4308 626 4365 supra,
638 4308 666 4374 p.
683 4296 725 4354 43,
829 4353 834 4362 ,
