3192 5475
796 541 974 616 ..68-

350 638 451 709 satem
452 689 654 779 arrogantia
675 690 784 774 Stoici,
811 712 886 761 cum
901 688 1111 780 intelligerent
1124 689 1229 805 Deum
1242 710 1308 760 non
1324 706 1416 780 P⁰⁸⁸⁰

349 795 382 863 in
396 795 541 864 malum
534 817 706 881 incurrere,
730 798 893 867 hominem
922 808 1033 868 contra
1059 798 1148 865 malis
1161 762 1333 866 obnoxium
1346 816 1416 865 esse

346 903 583 992 cupiditatibus,
600 904 782 994 Sapientem
808 904 1215 987 linxerant,ulestv1rum
1231 901 1414 972 libidinrbus

347 1010 449 1093 victis,
466 1010 559 1079 officii
571 1022 727 1093 tenacem,
750 1012 818 1081 Deo
832 1015 901 1101 ipso
915 1013 1069 1102 majorem
1092 1013 1235 1080 eradere.
1249 1009 1415 1079 Nefarium

346 1115 378 1182 id
392 1128 423 1185 et
438 1117 593 1207 superbiae
613 1118 831 1199 intolerabilis,
845 1118 901 1187 scd
920 1118 1098 1208 speciosum
1120 1128 1240 1199 tamen,
1261 1128 1294 1184 et
1310 1128 1414 1185 ortum

275 1304 285 1321 ·
346 1224 386 1290 ab
402 1244 507 1293 errore
531 1224 582 1294 cui
608 1224 673 1293 ueri
695 1226 840 1292 nonnihil
863 1225 1066 1294 admiscetur.
1099 1225 1187 1294 Deus
1204 1223 1291 1292 enirn
1308 1222 1414 1290 bonus

343 1357 397 1425 pet
411 1359 458 1421 se,
472 1358 508 1409 ac
520 1339 616 1407 veluti
630 1340 699 1407 sine
714 1340 886 1408 certamine
900 1333 1060 1433 (ἀκονιτί);
1078 1341 1174 1408 homo
1189 1334 1414 1427 perjudicium

345 1454 378 1514 et
398 1446 556 1534 egregiam
581 1446 821 1515 contentionem
846 1449 943 1517 animi
957 1468 1074 1538 pravas
1088 1445 1278 1535 cupiditates
1292 1462 1415 1532 expug-

346 1562 475 1724 matfrid
489 1664 564 1711 uero
579 1641 618 1709 de
632 1642 686 1710 illa
700 1640 799 1733 Grylli
811 1644 968 1712 sententia
973 1640 1182 1734 judicandum
1192 1640 1324 1710 homine
1336 1636 1415 1706 nibil

346 1748 479 1827 inueniri
495 1738 667 1818 miserius?
681 1749 849 1831 Quatenus
863 1752 893 1818 id
907 1772 1018 1819 verum
1036 1750 1077 1817 sit
1092 1748 1240 1817 belluinae
1254 1758 1286 1814 et
1298 1747 1416 1813 buma-

344 1876 393 1922 nae
408 1854 599 1923 conditionis
613 1856 809 1943 comparatio
822 1856 1001 1925 declarabit.
1020 1854 1056 1925 ln
1080 1854 1192 1923 bestiis
1216 1872 1332 1941 corpus
1357 1849 1417 1917 do·

345 1962 496 2045 minatur,
510 1962 602 2049 cujus
613 1962 737 2031 dolores
753 1962 917 2050 pauciores
940 1975 972 2031 et
997 1955 1138 2030 minores
1151 1978 1331 2049 essequam
1345 1956 1416 2024 ani-

345 2068 465 2137 minen
482 2070 564 2137 male
577 2068 723 2157 Epicurei
736 2068 950 2158 disputabant.
974 2068 1080 2138 Homo
1093 2079 1204 2137 contra
1218 2065 1417 2155 potissimum

344 2175 450 2243 animo
469 2185 605 2255 constat,
620 2174 674 2263 qui
693 2196 766 2243 cum
787 2176 873 2244 dolet
895 2176 996 2245 multo
1011 2176 1121 2265 plnres
1135 2186 1167 2243 et
1180 2175 1318 2242 acriores
1328 2171 1419 2243 affert

343 2280 504 2349 molestias
519 2279 598 2371 (Ἡ).
630 2279 739 2349 Trium
764 2284 851 2350 enim
877 2291 1057 2371 temporum
1085 2281 1210 2349 animus
1237 2278 1413 2369 particeps;

343 2408 475 2478 corpore
490 2399 597 2456 autem
623 2389 789 2476 praesentia
809 2388 914 2456 solum
941 2387 1132 2455 sentiuntur.
1164 2385 1239 2455 ldeo
1262 2384 1363 2454 Stoici
1386 2385 1417 2452 el

343 2493 490 2582 Epicurei
502 2496 535 2561 in
548 2515 585 2562 eo
597 2494 853 2575 consentiebant,
869 2506 904 2561 ut
919 2493 999 2561 nibil
1016 2493 1117 2581 magis
1130 2494 1170 2560 ad
1184 2492 1308 2560 beatam
1322 2492 1416 2559 dmm

342 2598 486 2669 conferre
500 2611 660 2689 putarent,
675 2621 769 2690 qnam
787 2601 814 2667 si
827 2599 899 2689 quis
913 2597 1024 2668 salsam
1036 2619 1165 2666 omnem
1189 2598 1230 2665 de
1244 2598 1338 2665 bonis
1348 2616 1415 2665 nta-

341 2706 419 2776 lisve
446 2708 629 2797 opinionem
654 2714 837 2788 aversatus,
864 2707 1049 2775 assuelieret
1074 2704 1153 2773 nibil
1178 2702 1341 2785 admirari,
1357 2703 1419 2774 nilti

343 2813 560 2882 vehementius
572 2824 691 2904 optare,
706 2825 737 2880 et
751 2812 946 2902 praecipuum
970 2813 1052 2881 illud
1069 2811 1194 2899 assequi
1216 2823 1262 2889 nt,
1287 2825 1416 2902 pertur-

349 2917 477 2988 batione
491 2921 588 2988 animi
602 2931 634 2988 et
653 2920 768 2987 affectu
793 2919 913 3008 majore
937 2941 1066 3000 vacuus,
1090 2918 1200 2986 babitu
1225 2908 1280 2986 illo
1303 2919 1416 2988 mentIs

343 3025 501 3101 frueretur
514 3055 610 3122 quem
626 3032 711 3102 Zeno
725 3026 901 3124 ἀταραξίαν,
924 3034 1079 3124 Epicurus
1095 3027 1239 3100 ἀπάθειαν
1252 3031 1416 3121 cognomi·

344 3138 440 3206 navit.
458 3137 563 3223 Quam
573 3149 680 3209 autem
694 3141 820 3210 difficile
836 3141 929 3212 nobis
943 3140 1138 3230 aequitatem,
1154 3140 1204 3209 vel
1214 3140 1322 3230 potins
1335 3139 1416 3206 iner-

345 3244 420 3312 tiam
435 3245 520 3320 illam
539 3247 839 3336 mentisoccupare!
864 3246 968 3331 Quam
992 3245 1057 3314 cito
1084 3245 1212 3336 angitur
1233 3245 1373 3327 animae,
1387 3255 1417 3312 ct

343 3351 503 3422 acerrimis
516 3351 676 3422 interdum
688 3351 825 3422 aculeis!
843 3355 885 3421 dt
896 3353 981 3422 enim
995 3351 1118 3422 homini
1137 3373 1266 3440 quoque
1280 3350 1412 3440 propriae

344 3458 528 3528 suntanimi
551 3461 744 3549 uoluptates;
769 3480 854 3526 unus
873 3460 957 3526 bona
982 3458 1101 3526 mentis
1122 3459 1237 3548 gaudia
1270 3453 1409 3548 percipit.

341 3565 469 3645 Fateor,
483 3565 538 3632 sed
553 3566 597 3632 ita
609 3579 644 3633 ut
658 3563 840 3633 existimem
870 3565 1015 3634 dolorum
1037 3565 1103 3633 uim
1117 3577 1150 3634 et
1163 3584 1336 3634 nnmerum
1358 3583 1413 3631 vo-

342 3671 518 3760 luptatibus
533 3671 627 3758 longe
650 3682 811 3760 praestare.
839 3670 983 3761 Utraque
1008 3681 1114 3739 minen
1128 3670 1238 3740 bestia
1252 3670 1411 3758 ignorant,

341 3787 418 3845 totae
441 3777 668 3864 propemodum
695 3777 729 3843 in
750 3776 909 3854 sensibus,
936 3778 993 3865 qni
1016 3778 1136 3866 plures'
1150 3776 1304 3865 uoluptati
1325 3795 1414 3865 quam

343 3882 445 3952 dolori
455 3881 598 3970 praebent
611 3881 725 3950 aditus.
737 3881 822 3962 Quid
839 3883 923 3972 quod
940 3883 1037 3956 finem
1052 3905 1150 3951 snum
1164 3881 1280 3949 animal
1295 3881 1364 3950 sine
1375 3880 1415 3947 la-

341 3989 420 4058 bore
433 3989 631 4077 assequitur;
645 3989 718 4057 linis
730 4001 838 4057 nutem
851 3989 960 4058 bestiae
973 3988 1159 4079 propositus
1173 3989 1205 4057 in
1220 4009 1260 4057 eo
1271 4001 1413 4057 uersatur

344 4106 382 4163 nt
401 4115 436 4163 se
450 4093 570 4182 diligat,
587 4106 618 4164 et
635 4095 666 4161 in
690 4095 810 4184 optimo
832 4095 959 4182 generis
981 4094 1031 4161 sui
1053 4095 1217 4164 custodiat
1230 4104 1326 4163 statu.
1345 4093 1414 4176 Quo

345 4203 395 4271 lut
405 4201 599 4288 perueniant,
612 4200 750 4288 pecudes
769 4210 882 4271 natura
895 4200 1041 4270 sensibus
1053 4212 1085 4271 et
1099 4199 1300 4272 facultatibus
1313 4220 1417 4270 neces.
