3192 5475
687 604 733 624 ..
754 564 800 641 23
822 610 866 624 -

245 702 341 777 nandi
354 702 402 779 vis
414 718 462 779 est
474 708 644 795 collocata3
659 723 692 781 et
705 734 742 781 ca
756 713 919 781 memoriae
931 703 1142 801 subjiciuntur
1153 682 1225 801 quae
1249 703 1309 782 sub

245 816 503 905 imaginationem
517 819 628 887 cadere
649 832 793 907 possunt.
812 820 887 889 ldeo
910 820 1061 889 memoria
1075 820 1247 908 corporalis
1260 830 1310 889 est

247 924 384 1004 affectio,
401 924 551 1024 quoniam
561 926 600 991 ab
617 925 843 1013 imaginatione
855 928 866 1017 (
877 934 1027 1027 querceta
1038 926 1216 1018 αἰσθητικὴ)
1231 948 1309 1016 pro·

87 1064 100 1071 ·’
126 1078 127 1083 κ
246 1038 413 1121 ficiscitur3
432 1056 565 1135 eamque
576 1048 674 1109 nona
689 1042 848 1109 voluntate
861 1043 938 1111 oriri
946 1044 1135 1131 argumento
1147 1052 1208 1125 est,
1222 1042 1309 1129 quod
1326 1024 1329 1032 Δ
1374 1033 1376 1040 ’

243 1144 403 1213 interdum
418 1147 576 1215 recordari
590 1147 779 1215 conantibus
800 1169 865 1216 non
890 1150 1062 1232 reducitur,
1084 1160 1116 1218 et
1129 1159 1240 1238 postea
1256 1168 1310 1215 re·

246 1262 375 1319 vocatur
386 1254 418 1319 in
428 1264 567 1321 mentem
580 1253 666 1320 aliud
675 1256 856 1341 agentibus,
870 1277 943 1325 cum
952 1256 1019 1344 jam
1030 1257 1213 1325 meminisse
1223 1254 1312 1323 nullo

246 1359 340 1427 modo
365 1380 521 1427 emamus.
550 1360 704 1427 Memoria
727 1382 804 1449 ergo
822 1364 960 1451 pertinet
974 1364 1015 1431 ad
1029 1363 1177 1431 animalia
1196 1362 1313 1451 quibus

247 1465 322 1532 insit
335 1466 528 1553 imaginandi
544 1466 604 1548 vis,
621 1477 657 1533 ut
672 1468 712 1534 ad
727 1478 815 1534 muta
840 1468 908 1558 ipsa
929 1480 962 1537 et
976 1470 1142 1538 infantem.
1161 1468 1242 1551 Quae
1251 1488 1311 1536 au·

247 1590 311 1647 tem
320 1579 678 1647 dicitnrreminiseentia
693 1575 921 1673 (dodponueid
930 1594 1094 1651 estrursns
1103 1582 1312 1671 meminissejt
1351 1574 1360 1588 ’

245 1686 364 1775 abipsa
377 1686 529 1753 memoria
541 1686 636 1774 louge
648 1686 823 1772 dissimilis,
840 1712 904 1760 non
929 1711 1000 1758 eam
1022 1689 1201 1758 necessario
1213 1688 1314 1757 corni-

247 1804 342 1861 tatur.
358 1792 462 1880 Vulgo
477 1792 563 1861 enim
587 1792 649 1861 dici
672 1795 773 1863 solet:
792 1798 941 1887 equidem
953 1796 1085 1867 memini
1108 1798 1240 1879 sactum,
1256 1794 1313 1865 sed

247 1901 406 1994 quomodo
422 1911 454 1969 et
469 1900 523 1966 ubi
538 1909 569 1967 et
581 1899 720 1986 quando,
738 1905 858 1974 neseio.

254 2088 258 2094 .
291 2014 335 2082 Ea
346 2024 451 2089 autem
467 2035 523 2102 per
536 2008 704 2105 ἀνάμνησιν
726 2017 909 2105 recipimus.
927 2017 1010 2088 Cum
1024 2017 1110 2087 enim
1125 2020 1243 2086 iactum
1258 2004 1318 2087 te?

248 2142 372 2204 nemus,
389 2121 532 2209 proxima
549 2142 683 2210 quaeque
707 2125 874 2191 studemus
886 2124 1045 2213 arripere,
1065 2135 1159 2213 prout
1172 2124 1233 2191 alia
1244 2123 1315 2191 aliis

249 2228 384 2296 naturali
410 2228 577 2295 fortuitane
608 2230 832 2317 conjunctione
854 2251 997 2298 connexa
1018 2243 1105 2299 sunt.
1132 2230 1180 2299 lta
1207 2250 1315 2299 rerum

248 2337 421 2405 vicinarum
446 2336 562 2403 seriem
585 2336 719 2413 emensi,
745 2338 816 2404 cani
841 2337 926 2404 baud
940 2337 1103 2406 absimiles
1114 2337 1168 2424 qui
1182 2338 1315 2425 vestigia

248 2446 323 2513 serae
336 2442 557 2517 subodoratus.
569 2463 627 2529 per
638 2431 808 2530 quemdam
820 2443 990 2532 indagandi
1000 2443 1169 2512 circuitum
1185 2444 1218 2510 in
1229 2462 1312 2532 prae-

249 2552 323 2617 dnm
336 2548 481 2630 incurrit,
494 2550 537 2615 ita
551 2570 611 2619 nos
622 2570 749 2637 quoque
763 2549 797 2617 in
812 2570 880 2618 rem
902 2550 1073 2619 incidimus
1084 2551 1175 2639 prius
1189 2568 1316 2618 memo⁴
1417 2550 1420 2554 ’

250 2659 296 2725 ria
321 2658 471 2746 elapsam,
495 2664 532 2723 ‘et
554 2657 712 2744 integram
731 2656 777 2725 rei
802 2656 1054 2725 recordationem
1078 2676 1313 2748 recuperamus.

250 2763 495 2836 Reminiscentin
508 2773 626 2846 autern,
649 2764 692 2830 ait
715 2763 915 2846 Aristoteles,
928 2764 1008 2832 nulli
1018 2764 1176 2853 contingit
1189 2764 1315 2832 anime-

251 2872 328 2940 lium
343 2871 404 2940 nisi
418 2869 552 2952 bomini,
569 2880 601 2938 et
613 2882 737 2938 maturo
761 2871 902 2960 quidem.
927 2871 1009 2940 Nam
1021 2871 1077 2960 qui
1088 2871 1314 2952 reminiscitur,

252 2977 523 3048 ratiocinationem
545 2976 684 3066 aliquam
709 2978 848 3046 institnit
870 2979 912 3046 de
936 2998 975 3047 eo
989 2977 1075 3066 qnod
1087 2977 1176 3066 prius
1188 2977 1314 3061 uiderit,

251 3085 396 3166 audierit,
418 3083 606 3173 perceperit,
631 3093 664 3152 et
689 3085 818 3154 baeeest
837 3085 1028 3173 disquisitio.
1051 3083 1317 3172 Disquisitionem

251 3204 357 3262 autern
372 3192 411 3259 iis
422 3189 498 3258 solis
512 3189 624 3259 natura
637 3189 749 3259 tribuit
762 3191 879 3279 quibus
890 3190 1041 3278 competit
1053 3189 1250 3260 deliberandi
1262 3192 1318 3259 ie-

172 3349 175 3356 =
251 3309 364 3390 cultas,
389 3303 445 3398 (τό
474 3297 679 3388 docimesio)
696 3304 794 3372 mutis
806 3313 838 3372 et
852 3303 1026 3372 iurantibus
1036 3301 1205 3390 denegata.

294 3415 330 3484 Si
364 3433 441 3481 vero
461 3412 602 3500 linguam
638 3423 850 3499 utrorumque
885 3410 1048 3499 respicies,
1075 3408 1187 3477 eadem
1213 3410 1320 3479 utrin-

253 3543 316 3614 que
344 3520 512 3588 infirmitas
553 3520 726 3609 apparebit.
765 3519 854 3586 Muta
892 3517 978 3586 enim
1012 3516 1129 3584 babent
1164 3535 1242 3586 sane
1267 3538 1323 3585 rc

257 3657 327 3707 cem
351 3625 511 3727 (φωνήν),
528 3653 708 3701 sermonem
727 3653 803 3701 vero
824 3625 1197 3723 nentiquamtbrdiexros
1221 3630 1322 3721 ),nou

255 3765 312 3814 usn
329 3742 459 3811 vocibus
473 3739 655 3809 articulatis.
668 3738 832 3807 infantum
846 3737 987 3807 conditio
1001 3739 1124 3806 eadem.
1142 3738 1207 3806 Sed
1222 3736 1325 3806 maxi·

255 3871 344 3920 mum
355 3849 388 3917 id
408 3849 552 3929 interest,
569 3847 654 3936 quod
669 3846 834 3914 infantiam
859 3845 1067 3933 subsequitur
1091 3843 1320 3927 adolescentia,

256 3961 299 4027 ita
311 3969 347 4025 ut
360 3958 456 4025 borno
471 3953 571 4045 possit
585 3953 757 4042 ingenitam
768 3953 829 4020 sibi
842 3951 1003 4040 cogitandi
1023 3963 1055 4020 et
1069 3950 1237 4040 eloquendi
1251 3949 1318 4018 vim

255 4065 415 4135 adbibere.
433 4060 658 4150 progrediente
673 4059 757 4128 enim
772 4068 876 4142 aetate,
893 4058 1014 4128 semina
1026 4059 1078 4126 ilia
1098 4058 1131 4125 in
1152 4057 1245 4126 nobis
1259 4078 1316 4126 re·

255 4171 382 4244 condita
409 4169 462 4236 ubi
485 4167 635 4257 paulatim
656 4187 832 4248 accrevero,
858 4165 981 4234 fructus
1006 4165 1144 4235 efferunt
1171 4185 1257 4234 suos.
1276 4162 1322 4234 in

254 4279 365 4353 bestiis
379 4297 421 4347 ne
441 4273 563 4346 semina
576 4272 718 4364 quidem,
737 4283 791 4343 ant
803 4271 831 4342 si
844 4292 907 4360 qun
921 4271 1033 4355 latent,
1049 4290 1214 4360 uunquam
1228 4269 1325 4340 ebio-
