3192 5475
247 2093 406 2177 Quoniam
420 2095 585 2186 praecipuae
599 2107 742 2163 ueterum
757 2094 796 2163 do
811 2094 914 2163 anima
928 2095 1096 2163 brutorum
1108 2092 1274 2183 opiniones
1345 2090 1349 2098 “

202 2203 395 2291 investigato
421 2214 506 2285 sunt,
536 2214 633 2271 restat
662 2215 697 2271 ut
725 2202 931 2291 subjiciamus
957 2202 1033 2291 quid
1065 2201 1209 2269 videatur
1233 2200 1272 2281 de

201 2311 327 2377 summ'a
343 2308 529 2399 quaestionis
549 2310 642 2397 bujus
655 2319 771 2377 nostum
794 2307 1012 2399 judicandum.
1044 2307 1108 2375 Ros
1128 2320 1177 2374 ost
1197 2327 1273 2373 sane

199 2416 346 2505 expeditu
355 2436 477 2505 parum,
493 2427 524 2484 ot
538 2414 668 2484 humani
681 2415 776 2483 animi
794 2416 989 2505 problemate
1004 2413 1103 2501 magis
1116 2413 1266 2485 involuta.

199 2521 293 2589 Meus
306 2522 392 2589 enim
404 2535 511 2591 nostra
526 2522 591 2611 ipsa
604 2544 638 2589 se
652 2520 790 2610 inspicit,
805 2534 837 2589 et
851 2536 998 2611 agentem
1011 2520 1165 2594 intuetur,
1178 2520 1221 2586 ita
1236 2531 1269 2586 ul

200 2628 299 2717 possit
313 2649 347 2697 se
359 2628 419 2696 sibi
432 2629 683 2723 cognoscendam
694 2630 820 2719 penitus
833 2629 965 2719 aperire.
983 2627 1046 2696 Ubi
1060 2647 1135 2695 veno
1150 2626 1189 2693 do
1201 2626 1270 2693 bos-

197 2743 251 2810 tiis
263 2745 377 2832 agitur,
388 2744 464 2832 quid
476 2746 570 2826 ualet,
587 2767 706 2834 quaeso,
718 2755 910 2835 praeceptum
925 2744 1061 2834 sapiens:
1076 2737 1264 2835 γνῶθισεαυ·

197 2856 276 2922 edo?
294 2857 440 2925 Farinam
466 2859 597 2926 induere
621 2859 735 2948 pellem
760 2873 792 2928 ot
822 2858 962 2929 indolem
984 2868 1139 2947 oporteat,
1159 2859 1185 2923 si
1200 2857 1272 2944 quis

198 2964 274 3032 velit
289 2975 452 3033 mutorum
472 2964 610 3032 animam
634 2965 778 3034 funditus
802 2966 994 3055 exploratam
1021 2976 1054 3033 ot
1077 2975 1270 3051 compertam
1364 3042 1367 3046 ι

197 3071 324 3140 habore.
341 3069 420 3140 Cum
433 3091 507 3140 uero
520 3071 590 3139 tulis
608 3072 769 3161 inquisitio
784 3093 850 3140 nou
865 3072 965 3162 possit
981 3071 1114 3148 institui,
1132 3070 1268 3159 permis-

195 3177 240 3244 sis
250 3178 431 3260 utamur,ad
440 3178 532 3248 aliam
541 3188 640 3248 antem
651 3179 936 3263 conuersi‚scilioat
945 3178 1140 3263 anolopiom.
1151 3177 1271 3258 Quem-

196 3285 366 3354 admodum
382 3285 468 3354 onim
483 3307 575 3356 muns
588 3297 708 3370 nostra,
725 3287 869 3376 quamuis
882 3286 994 3367 inuisa,
1012 3306 1051 3353 ex
1067 3281 1268 3372 illiusopori-

195 3393 255 3458 bus
266 3392 479 3480 cognoscitur,
496 3392 538 3462 ita
550 3393 688 3462 senarum
707 3403 852 3461 naturam
882 3414 919 3462 ox
948 3413 1055 3460 earinm
1077 3390 1215 3458 motibus
1237 3400 1269 3456 ot

194 3497 374 3566 actionibus
386 3498 478 3566 variis
492 3499 669 3570 describere
683 3520 740 3593 pai·
754 3511 814 3570 ost.
831 3500 942 3582 Qualia
965 3512 1071 3566 antem
1086 3498 1266 3586 deprehen-

194 3604 301 3672 dimus
314 3604 353 3671 ab
367 3605 556 3674 animalibus
569 3607 675 3676 offici?
689 3607 840 3684 Sentiunt
854 3607 963 3698 procul
977 3606 1072 3674 dubio
1092 3616 1123 3672 ot
1138 3623 1268 3671 moson-

195 3723 258 3798 tur.
281 3711 475 3805 Principium
497 3735 570 3782 voro
595 3716 801 3807 sentiendiot
823 3714 970 3786 mouendi
998 3712 1096 3801 probo
1122 3709 1268 3778 nouimus

194 3838 397 3907 nequaquam
424 3840 442 3888 a
473 3841 605 3910 corpore
620 3823 688 3912 ipso
705 3823 873 3917 proficisci,
889 3820 1045 3910 siqnidem
1073 3837 1165 3886 mons
1178 3826 1266 3883 unte-

193 3927 423 4016 nioraquaeque
442 3928 552 4012 sentit,
584 3951 675 3998 mens
699 3931 875 4000 machinam
900 3930 982 3997 bano
1007 3934 1148 3994 nostram
1169 3934 1266 3991 totam

194 4033 270 4120 agit.
286 4031 449 4116 Quinimo‚
472 4046 507 4102 nt
529 4036 596 4126 ipse
610 4037 733 4130 Tullius
755 4038 882 4123 latetur,
899 4033 1043 4124 quamuis
1068 4030 1208 4097 imbutus
1234 4028 1266 4095 in

1173 4173 1185 4210 6
