3192 5475
604 510 781 605 ..6²5-

625 794 767 844 cubula.

186 980 396 1073 Opusculum
408 982 507 1072 Grylli
520 983 679 1073 signatum
701 984 833 1055 nomine
846 1002 910 1054 nou
927 983 993 1073 jam
1018 982 1147 1053 dimidia
1162 980 1223 1073 (ut

142 1089 224 1159 liber
237 1090 280 1159 de
293 1090 437 1160 solertia
455 1090 660 1180 animalium)
685 1092 740 1160 sed
752 1090 840 1160 omni
860 1112 900 1159 ex
920 1100 1006 1179 parte
1019 1087 1224 1180 nugatorium

141 1208 200 1266 est.
217 1197 278 1267 Cui
306 1198 419 1266 titulus
440 1196 586 1286 adjicitur
600 1198 832 1265 irrationabilia
845 1199 969 1264 ratione
987 1200 1045 1280 ati,
1060 1196 1151 1286 qnasi
1163 1217 1224 1266 ra·

138 1304 234 1371 luerit
249 1315 367 1373 auctor
378 1314 486 1393 aperte
499 1304 674 1392 significare
686 1305 860 1395 portentosi
882 1303 1001 1392 aliquid
1012 1325 1046 1373 se
1064 1304 1222 1373 defensu-

140 1431 225 1491 rum,
243 1422 278 1480 et
293 1411 612 1480 communiomnium
624 1411 801 1490 sententiae,
812 1410 939 1499 jocandi
953 1411 1068 1499 gratia,
1088 1411 1227 1497 refragat.
1295 1486 1302 1498 ,

139 1527 251 1585 turum
266 1539 354 1587 esse.
367 1518 512 1588 Profiteri
524 1518 610 1585 enim
619 1517 765 1585 animalia
778 1539 842 1585 non
857 1538 928 1586 esse
940 1516 1075 1607 stipites,
1090 1514 1226 1585 sudrim

141 1623 346 1711 intelligendi
361 1635 392 1691 et
404 1624 475 1691 ideo
489 1622 683 1692 adumbratae
696 1624 860 1713 cujusdam
881 1623 1012 1692 rationis
1038 1619 1226 1711 particulam

139 1728 178 1796 iis
189 1730 362 1819 obtigisse,
376 1730 538 1798 nonnullis
551 1730 685 1799 sortasse
707 1732 853 1813 stultum,
868 1730 1028 1819 plerisque
1040 1747 1155 1795 sanum
1169 1726 1221 1793 ri·

143 1834 267 1904 deutur.
282 1837 429 1907 Ulterius
446 1847 551 1905 autem
561 1836 588 1905 si
609 1856 811 1925 progressus,
826 1856 934 1905 reram
955 1835 994 1903 iis
1008 1834 1163 1901 rationem
1177 1832 1228 1899 in·

144 1962 245 2026 seres,
264 1954 299 2012 et
316 1944 357 2010 ab
372 1942 422 2011 his
435 1944 609 2012 contendes
626 1964 689 2011 non
705 1963 861 2033 exaequo,
876 1942 933 2011 sed
947 1962 965 2011 e
980 1940 1145 2030 superiore
1157 1938 1227 2008 loco

143 2048 312 2118 hominem
327 2050 436 2139 aspici,
453 2049 561 2139 ecquis
575 2050 614 2117 ad
636 2051 705 2119 haec
721 2049 821 2117 risum
833 2046 954 2116 tenebit
968 2048 986 2115 ‘i
1000 2046 1079 2116 Cum
1096 2045 1224 2114 Plutar-

146 2157 225 2225 ohus
240 2178 279 2225 ea
294 2156 472 2239 cavilletur,
489 2155 573 2223 haud
586 2176 691 2245 operas
715 2154 852 2245 pretium
875 2153 917 2223 sit
939 2153 1016 2222 ludo
1040 2152 1086 2220 illi
1108 2152 1227 2220 immo·

146 2262 221 2344 rari,
236 2263 302 2332 nisi
319 2264 456 2331 serarum
472 2274 504 2331 et
517 2262 685 2331 hominnm
696 2262 861 2351 ingeniosa
885 2253 1118 2347 nonnunquam
1136 2279 1228 2328 com·

146 2369 314 2457 paratione
338 2370 471 2439 facetam
498 2368 674 2439 orationem
698 2378 812 2457 argute
839 2378 873 2437 et
886 2406 890 2420 ι
903 2366 1065 2453 eleganter
1084 2364 1231 2452 cogitmm

145 2474 243 2543 veluti
267 2474 476 2544 distinxisset.
505 2472 550 2543 Ea
575 2484 683 2543 autem
710 2472 821 2542 incidit
841 2470 966 2541 occasio
983 2468 1224 2540 controversias:

147 2578 261 2669 Ulysse
276 2591 410 2671 rogante
422 2580 533 2650 Circen
549 2590 584 2648 ul
596 2580 698 2650 socios
711 2579 813 2649 lerina
835 2579 966 2647 indutos
995 2578 1094 2667 ligura
1109 2576 1144 2643 in
1163 2577 1228 2643 lm-

147 2704 277 2758 manam
293 2709 407 2760 rursus
434 2697 579 2757 naturam
603 2686 751 2769 invertat,
780 2686 834 2754 illa
855 2685 944 2774 prins
972 2683 1116 2755 ithacum
1137 2680 1228 2771 jubet

150 2793 596 2884 percunctariapopularihus
618 2815 697 2862 num
722 2794 804 2864 sorte
821 2793 952 2882 cupiant
974 2789 1140 2881 pristinam
1159 2787 1229 2858 ior·
1265 2858 1281 2898 Q

149 2917 236 2970 mam
246 2901 398 2991 recipere.
414 2899 623 2988 Interroganli
636 2897 776 2988 Gryllns,
786 2919 901 2988 porcus
912 2919 953 2967 ex
963 2897 1094 2966 homine
1107 2895 1223 2977 iactus,

150 3024 207 3075 suo
220 3019 254 3076 et
264 3008 417 3078 comitum
429 3005 1110 3096 nominerespondet,disertissimusoratur:
1128 3027 1144 3066 a
1166 3001 1229 3068 ho·

151 3112 331 3183 minenihil
353 3134 424 3182 5555
443 3111 601 3194 miserius,
628 3131 758 3201 quoquo
780 3132 816 3180 se
841 3121 954 3193 vertat;
970 3109 1090 3178 bestias
1121 3117 1230 3175 antem

150 3217 244 3310 louge
267 3221 383 3289 melius
399 3219 514 3288 vivere.
530 3216 660 3307 insipiat
671 3217 815 3307 Ulysses,
832 3217 859 3285 si
873 3219 1016 3287 hortetur
1042 3214 1146 3284 socios
1163 3224 1232 3282 uta

151 3323 284 3396 feliciori
298 3326 536 3415 honestiorique
558 3324 741 3394 conditione
755 3324 787 3392 iu
805 3325 904 3392 multo
927 3321 1118 3392 deteriorem
1142 3321 1228 3389 rela-

151 3429 279 3502 bantur.
310 3432 458 3502 »Talem
486 3431 697 3519 arrogantiam
723 3431 899 3498 admirante
933 3428 1059 3516 Ulysse,
1098 3425 1226 3515 Grylios

153 3540 321 3626 magnifice
333 3538 467 3606 bestiam
492 3537 644 3606 extollere
672 3535 795 3626 incipit,
812 3557 883 3626 quae
907 3534 950 3602 sit
970 3534 1099 3604 dotibus
1112 3533 1229 3602 innatis

152 3662 216 3714 non
231 3667 289 3736 per
316 3645 491 3714 doctrinam
515 3643 629 3732 paratis
654 3642 818 3722 instructa,
844 3641 990 3719 etfortis,
1014 3650 1048 3710 ct
1067 3639 1179 3722 valida,
1196 3650 1229 3708 51

150 3759 343 3840 temperans,
371 3761 404 3820 et
428 3749 653 3840 cupiditatibus
679 3748 876 3816 naturalibus
909 3747 1089 3837 indulgens,
1122 3746 1229 3814 omnis

155 3857 242 3928 falsae
266 3872 298 3928 51
323 3857 531 3948 praejudicatae
555 3854 712 3944 opinionis
737 3874 862 3943 expers,
890 3854 1076 3942 equalitatis
1104 3872 1228 3935 amans,

166 3985 264 4054 gnara
285 3963 403 4032 servilii
418 3961 498 4053 (20),
513 3962 578 4030 suis
591 3971 740 4030 contenta
759 3961 885 4048 opibus,
902 3960 1026 4048 sibique
1055 3959 1227 4042 sufficiens,
1329 3962 1331 3965 ’

158 4071 234 4165 quid
257 4069 382 4140 multa?
396 4068 484 4138 omni
502 4068 595 4136 laude
619 4079 650 4137 et
665 4067 850 4136 excellentia
865 4067 993 4136 homine
1005 4066 1222 4155 praestantior!

155 4176 375 4246 1515551511
388 4171 1106 4263 1115555515ῑί55555551115515555551555
1119 4174 1228 4243 15555-
