3192 5475
584 576 797 658 ,-69-

156 712 246 781 sariis
260 712 430 783 instruxit.
448 714 494 787 lta
509 734 604 784 suum
617 738 751 807 quaeque
765 718 833 787 fera
852 738 967 799 munus
987 717 1115 796 retinet,
1128 711 1239 784 condi-

156 818 347 907 tionemque
363 821 465 911 diligit
480 843 574 912 supra
588 844 683 912 quam
697 824 775 891 nihil
787 825 956 912 excogitet,
973 824 1105 898 nedum,
1122 832 1158 890 ut
1170 820 1233 888 fm-

153 924 198 1011 git
212 922 384 1009 Horatius,
411 928 469 997 bos
491 930 578 1017 piger
603 940 690 1018 optet
709 930 856 1019 ephippia
885 942 938 998 aut
965 949 1052 998 arare
1074 927 1226 999 caballus.

154 1027 312 1100 istasunt
331 1034 481 1102 hominis
497 1034 676 1123 Namapud
694 1057 769 1104 eum
790 1036 955 1105 facultates
987 1056 1050 1105 uou
1075 1048 1139 1104 tam
1160 1043 1234 1120 aptc

154 1134 209 1203 fini
223 1152 414 1227 congruunt
428 1161 525 1229 quam
539 1142 572 1208 in
586 1142 785 1210 animalibus.
804 1142 876 1210 Non
892 1144 993 1209 solum
1005 1142 1044 1210 ad
1056 1162 1091 1210 se
1102 1160 1235 1209 conser-

155 1243 298 1312 randum
313 1260 424 1328 natus,
452 1248 508 1314 sed
533 1247 574 1313 ad
596 1247 837 1336 intelligendum
860 1257 893 1316 et
918 1246 1101 1327 amandum,
1118 1246 1234 1335 saepius

161 1346 330 1420 intellectu
348 1352 408 1421 sibi
422 1352 564 1443 depingit
576 1353 705 1421 meliora
717 1375 812 1443 quam
825 1376 898 1444 quac
910 1373 1129 1443 sepencsessc
1137 1353 1234 1432 ridet,

162 1474 268 1544 neque
283 1459 385 1526 etiam
405 1480 545 1528 amorem
572 1460 747 1547 ingenitum
771 1462 846 1528 satis
873 1460 999 1549 explere
1027 1469 1142 1550 potest.
1159 1456 1236 1525 lude

156 1561 339 1649 plurimum
352 1565 451 1646 dolet,
477 1576 509 1633 et
531 1585 648 1655 angore
660 1566 758 1633 animi
772 1567 822 1634 vel
833 1567 949 1635 meotis
964 1566 1078 1648 uritur,
1095 1575 1128 1633 et
1141 1564 1236 1631 vitam

152 1666 319 1737 interdum
334 1671 432 1738 trahit
446 1671 617 1751 infelicem,
636 1673 737 1760 utqui
753 1673 901 1741 ultimum
926 1673 1004 1740 illud
1019 1691 1144 1759 semper
1168 1668 1236 1737 aui-

128 1812 130 1817 ·
153 1794 206 1842 mu
229 1777 451 1865 excogitatum
466 1798 620 1867 occupare
643 1788 796 1866 nequeat3
813 1800 882 1867 quae
894 1779 997 1846 fuerat
1016 1777 1149 1846 Tantalo
1161 1796 1236 1864 sup-

152 1880 237 1969 plicii
251 1884 372 1966 forma,
390 1884 511 1973 liquore
526 1906 651 1973 semper
676 1887 836 1954 inaccesso
857 1896 1007 1953 aeternam
1026 1882 1228 1972 concupienti

154 1988 264 2056 sedare
277 1989 379 2057 sitim.
399 1988 434 2058 ld
448 2002 554 2059 autem
569 1992 742 2061 intersum
757 2001 787 2061 ct
802 1991 964 2059 hominem
977 1991 1114 2059 feliciter
1127 1990 1232 2058 inter-

155 2101 216 2175 est,
232 2095 325 2182 quod
339 2096 482 2163 Deorum
494 2096 554 2164 iste
567 2106 764 2185 contemptor
792 2115 885 2185 poena
899 2096 1069 2163 immortali
1087 2094 1232 2174 afficitur,

155 2196 252 2266 homo
267 2200 383 2269 dolore
406 2201 567 2291 quondam
590 2202 729 2271 inituro.
754 2202 836 2270 Nam
859 2222 898 2271 eo
922 2203 991 2291 ipso
1005 2202 1091 2291 quod
1106 2202 1233 2269 animus

154 2298 266 2373 eorum
282 2307 445 2375 desiderio
470 2320 649 2377 maceratur
670 2330 741 2398 quae
761 2308 823 2375 vita
846 2308 1005 2376 terrestris
1021 2308 1142 2395 optanti
1168 2328 1232 2375 non

154 2410 284 2494 sufficit,
315 2412 454 2481 declarat
484 2436 518 2482 se
550 2415 702 2483 reservari
730 2414 850 2484 coelesti
879 2412 1050 2494 domicilio,
1072 2413 1127 2479 ubi
1151 2411 1233 2479 mala

153 2518 259 2586 omnia
275 2520 500 2588 resarciantur.
526 2520 604 2589 Inde
630 2531 716 2610 patet
731 2521 863 2588 humaui
879 2520 1013 2608 pectoris
1030 2517 1233 2605 egritudines

149 2625 382 2714 cruciatusque
397 2624 513 2693 mentis
526 2628 653 2715 generis
670 2626 771 2694 nostri
797 2626 984 2695 confirmare
998 2623 1227 2693 excellentiam.
1309 2693 1311 2696 ,

150 2725 280 2818 Gryllus
292 2732 404 2821 igitur,
421 2745 574 2822 quantum
587 2733 726 2816 libuerit,
746 2734 912 2802 homiuum
929 2731 1101 2800 infortunia
1114 2751 1224 2799 receu-

151 2847 231 2914 seat,
246 2848 280 2906 et
292 2859 452 2908 aerumnas
465 2840 644 2928 amplificet.
658 2839 990 2929 Quantacumqueillis
999 2837 1227 2906 malatoleran·

151 2939 190 3008 da
208 2955 300 3024 suut,
317 2966 382 3013 non
399 2946 458 3013 erit
472 2945 555 3013 unde
580 2956 725 3014 naturam
743 2947 902 3029 incusent,
924 2965 1031 3014 sanam
1045 2946 1141 3013 modo
1152 2941 1229 3032 phi-

153 3045 340 3137 losophiam
375 3060 407 3117 et
440 3049 624 3138 religionem
650 3051 821 3140 adjutrices
845 3052 877 3119 in
905 3050 1044 3120 ferendis
1068 3049 1229 3118 laboribus

151 3150 334 3223 adhibeant.
371 3154 430 3223 His
440 3155 544 3224 verbis
555 3157 672 3225 Fenelo
686 3157 845 3225 concludit
859 3177 1038 3226 sermonem
1051 3177 1147 3245 quem
1165 3155 1233 3244 ipse

146 3253 230 3326 inter
273 3262 417 3350 Ulyssem
440 3270 472 3330 ot
495 3260 638 3350 Gryllum
652 3264 798 3330 instituit.
818 3263 912 3346 Quod
925 3283 1001 3330 vero
1014 3263 1052 3330 ad
1072 3260 1231 3330 Plutarchi

148 3363 342 3435 rhetoricam
357 3367 617 3436 exercitationem
631 3370 756 3451 attinet,
775 3389 841 3438 non
854 3369 936 3438 adeo
951 3367 1047 3436 fidem
1062 3366 1146 3449 facit,
1167 3387 1228 3436 ne·

150 3481 286 3555 quotam
296 3473 656 3541 scitebelluinamvitam
672 3475 885 3556 commendat,
896 3484 931 3541 ut
939 3474 1039 3542 cuivis
1047 3470 1165 3562 injiciat
1173 3494 1229 3542 cu-

149 3575 292 3662 pidinem
308 3599 397 3646 more
417 3578 658 3669 quadrupedum
679 3579 889 3667 ingrediendi,
907 3578 1000 3650 sicuti
1014 3578 1172 3646 Voltarius
1185 3579 1228 3662 de

152 3699 186 3748 sc
199 3682 282 3771 ipso,
308 3686 341 3751 in
356 3684 537 3753 Russelium
548 3685 684 3773 jocatus
702 3684 889 3769 dictitabat„
899 3685 1001 3756 lmmo
1015 3685 1131 3755 Thales
1143 3704 1221 3773 age·

151 3783 205 3854 bat
218 3789 289 3858 lovi
301 3791 418 3880 gratias
432 3790 518 3879 quod
533 3799 625 3858 natus
639 3801 707 3860 erat
718 3792 766 3860 vir
782 3813 845 3860 uon
860 3782 990 3872 femina,
1008 3812 1131 3880 graecus
1160 3809 1226 3858 nou

146 3890 313 3978 barbarus,
330 3897 426 3966 bomo
440 3918 506 3965 non
531 3897 641 3966 hestia.
658 3897 702 3968 Ea
720 3897 759 3970 de
775 3917 811 3969 re
825 3897 1007 3982 norissima,
1026 3897 1128 3976 Thali,
1143 3895 1226 3965 bona

153 3996 255 4088 Grylli
269 3995 373 4086 venia,
390 4003 645 4090 suffragabimur.
