3192 5475
759 478 937 543 ..90-

283 644 287 651 ·
361 618 528 706 Superiora
540 617 678 686 breuiter
691 619 915 685 contrahamus
931 642 937 684 :
956 638 1020 685 non
1037 617 1131 685 aurudo
1146 616 1247 684 bestia
1260 624 1377 702 partem

316 724 639 813 eliquamintellectus
652 724 785 799 obtinet.
803 724 859 793 sed
875 724 970 793 etiam
983 723 1209 812 cupiditatibus
1221 732 1375 800 meretur,

317 831 553 899 nunebumano
565 850 665 911 more,
683 850 766 898 nunc
781 851 850 899 suo.
867 830 938 899 lam
951 830 1115 898 veniamus
1129 828 1168 895 ad
1184 849 1220 895 ca
1243 848 1377 916 quarum

315 936 497 1026 adjumento
515 937 661 1005 homines
673 946 705 1005 et
717 936 863 1005 animalia
875 958 989 1005 sensus
1001 936 1098 1003 animi
1111 935 1302 1024 significant.
1321 933 1380 1002 Hic

316 1064 475 1111 summum
489 1042 621 1111 interest
632 1043 813 1112 discrimen.
824 1043 1086 1131 Homoloquitur,
1099 1044 1163 1110 lera
1176 1040 1375 1119 obmutescit;

316 1151 365 1219 rel
373 1149 491 1239 potius,
505 1170 577 1218 curn
590 1148 705 1238 duplici
716 1150 859 1217 oratione
872 1160 975 1217 tutatur
987 1150 1083 1217 bomo
1095 1170 1150 1239 per
1162 1150 1295 1226 rrrltum,
1307 1167 1378 1235 ges·

317 1266 379 1337 tue,
394 1267 426 1323 et
437 1255 521 1323 vocis
531 1255 702 1323 articulata
717 1276 843 1337 sonum,
857 1256 954 1323 bestia
967 1255 1172 1345 posteriorem
1187 1256 1270 1322 illam
1283 1254 1377 1342 iguo-

319 1370 378 1443 rat,
393 1362 567 1431 naturalem
582 1382 657 1429 vero
669 1362 844 1429 arationem
857 1362 977 1450 optime
991 1373 1021 1429 et
1035 1362 1259 1451 interpretatur
1271 1374 1301 1429 et
1314 1362 1379 1449 ipsa

317 1466 453 1536 adlribet.
468 1466 670 1555 lntcrprctnri
682 1476 787 1535 autem
801 1487 841 1534 cx
855 1488 892 1535 co
904 1466 1101 1557 liquet,quod
1116 1467 1178 1535 cito
1192 1477 1224 1535 ct
1237 1468 1381 1536 facillime

317 1573 461 1661 intelligit
473 1573 562 1661 signa
574 1574 722 1661 pleraque
737 1584 847 1659 gestus
862 1574 1005 1652 humani,
1022 1585 1055 1641 et
1065 1573 1130 1641 oris
1144 1574 1287 1642 habitum
1301 1596 1375 1642 eum

317 1679 480 1761 minantia
498 1692 565 1746 tum
577 1680 758 1748 adsidentis.
777 1679 872 1761 Quod
896 1700 971 1747 reru
990 1680 1028 1748 ad
1053 1680 1204 1748 naturalis
1230 1680 1381 1748 orationis
1484 1700 1489 1706 ’

318 1808 422 1867 usum,
441 1805 503 1853 non
517 1786 606 1854 uultu
631 1806 719 1865 sane,
743 1786 797 1872 qui
822 1787 968 1875 proprius
988 1798 1036 1855 est
1060 1787 1181 1855 bomini
1203 1788 1320 1854 mentis
1350 1799 1382 1856 et

317 1893 454 1982 pectoris
468 1893 636 1982 interpres,
652 1902 683 1959 at
705 1903 791 1959 certe
812 1903 898 1960 metu
928 1894 1081 1981 corporis,
1098 1892 1205 1961 carrdae
1218 1893 1383 1980 gestientis

317 1999 473 2067 hilaritate
501 2000 635 2087 quadam
659 2008 690 2067 et
715 1997 801 2067 vocis
812 1998 985 2067 inlleuicne
1000 2000 1153 2081 laetitiam,
1170 1999 1375 2082 desiderium,

316 2106 471 2185 dolorem,
487 2105 714 2195 impatientiam
742 2115 774 2172 et
802 2106 859 2172 alia
886 2106 1041 2193 ejusmodi
1067 2104 1159 2173 bruta
1183 2107 1370 2195 significant,

316 2212 500 2282 Submissus
512 2211 552 2280 ad
569 2222 685 2280 terram
699 2211 798 2293 canis,
813 2212 973 2301 depressis
987 2212 1127 2293 auribus,
1140 2214 1235 2280 cauda
1254 2214 1377 2302 corpori

317 2318 426 2389 subter
436 2319 592 2410 applicita,
606 2318 719 2387 timere
730 2338 765 2387 sc
776 2327 830 2386 aut
842 2320 1002 2407 deprecari
1017 2340 1123 2386 nonne
1135 2319 1295 2388 declarat

459 2458 565 2519 lrlitata
576 2473 677 2518 canurn
691 2475 756 2519 cum
767 2462 888 2531 primum
906 2474 1010 2533 magna
1025 2463 1180 2519 molossum

458 2550 547 2607 llollia
557 2550 626 2607 ricta
640 2548 773 2613 tremunt.
790 2550 874 2607 duras
885 2550 1020 2607 nudantia
1031 2550 1137 2619 dentes,

459 2644 555 2711 Longe
568 2636 624 2696 alio
639 2638 732 2695 sonitu
749 2638 971 2695 rabiesdistricta
986 2639 1117 2708 minatur,

460 2730 492 2785 lit
503 2742 568 2784 cum
576 2727 635 2799 iam
649 2726 750 2785 latrant
761 2735 788 2784 et
799 2726 913 2784 vocibus
926 2728 1019 2786 crnnia
1033 2729 1182 2801 complent.

460 2821 492 2876 At
506 2817 611 2873 catulos
622 2817 723 2874 blande
741 2831 807 2873 cum
818 2816 912 2888 lingua
927 2817 1049 2874 lambere
1059 2824 1176 2888 tentant,

460 2909 555 2977 Lange
566 2905 708 2976 aliopacto
721 2905 837 2976 gannitu
848 2906 926 2963 vocis
936 2905 1050 2963 adulant

460 2997 573 3054 Etcum
588 2994 688 3052 deserti
703 2994 861 3052 baubantur
874 2995 903 3051 in
917 2995 1033 3068 aedibus,
1048 3004 1096 3054 aut
1107 3011 1173 3054 cum

460 3084 602 3143 Plorantes
617 3083 729 3156 lugiunt
743 3084 883 3141 submisso
895 3099 1011 3156 corpora
1025 3085 1134 3156 plagas.

975 3173 1057 3246 (Luc.
1073 3189 1098 3230 v.
1111 3178 1179 3231 l063
1191 3177 1210 3245 l.

363 3302 477 3370 Narrat
496 3299 618 3370 Plinius
633 3299 828 3387 diequadam
853 3298 1038 3387 Pompeium
1058 3297 1169 3368 Romae
1184 3321 1300 3368 munus
1313 3301 1387 3368 edi-

317 3411 413 3491 disse,
428 3408 481 3476 ubi
494 3408 600 3496 plures
614 3405 770 3494 elephanti
796 3405 1005 3493 pugnaverint
1020 3406 1052 3473 in
1067 3407 1162 3487 circo,
1187 3406 1321 3475 Gaetulis
1343 3428 1384 3474 es

319 3519 450 3586 adverso
456 3513 680 3603 jaculantibus.
703 3511 783 3580 Cum
799 3511 938 3579 universi
954 3514 1153 3600 eruptionem
1178 3515 1293 3581 trustra
1313 3525 1388 3581 ten-
1469 3501 1474 3509 “

321 3624 481 3704 lavissent,
491 3620 620 3689 clathris
631 3619 740 3687 ferreis
755 3617 971 3699 circumventi,
984 3618 1028 3685 illi
1043 3645 1058 3681 a
1072 3620 1266 3708 Pompeiani,
1276 3621 1390 3688 amissa

320 3733 402 3819 lugan
430 3749 485 3817 spe
509 3724 753 3796 misericordiam
769 3723 855 3812 vulgi
875 3724 1076 3793 inenarrabili
1090 3727 1196 3793 babitu
1212 3737 1391 3815 quaerentes

320 3837 549 3926 supplicavere,
562 3834 698 3922 quadam
711 3852 780 3900 sese
792 3831 1018 3900 lamentatione
1035 3834 1269 3922 complorantes
1280 3857 1288 3914 ;
1301 3845 1389 3902 tauto

320 3943 427 4032 pepuli
442 3942 562 4022 dolore,
580 3949 615 4007 ut
630 3940 745 4007 oblitus
768 3938 980 4026 imperatoris,
997 3959 1033 4007 ac
1047 3939 1273 4008 munificentiae
1287 3941 1390 4008 hene-

321 4070 355 4118 re
370 4070 425 4117 sna
437 4047 613 4136 exquisitae,
630 4047 711 4114 llens
725 4045 893 4112 universus
903 4055 1118 4134 consurgeret,
1135 4045 1280 4135 dirasque
1295 4045 1392 4118 Pom-

326 4156 403 4251 piio,
418 4175 495 4248 quas
511 4153 562 4224 ille
587 4172 660 4222 mox
688 4152 757 4233 luit,
788 4152 1025 4249 imprecaretur.
1048 4179 1062 4215 u
1078 4152 1198 4224 Mutum
1219 4153 1308 4226 illam
1323 4155 1388 4224 ele-
