3192 5475
824 522 1002 593 ..pp-

376 668 422 737 cia
436 668 573 735 mendax
595 685 670 735 ausa
685 674 733 735 est
752 666 783 733 in
809 665 951 735 historia.
965 665 1174 755 Theophrasti
1192 665 1352 756 quoddam
1362 683 1451 754 opus

375 772 520 841 animalia
536 793 599 842 non
624 772 764 841 invidere
775 773 983 854 demonstrat,
1001 793 1065 861 qno
1079 772 1221 859 inopere
1235 772 1453 861 philosophus

375 878 559 967 opinionem
578 888 732 949 memorat
752 879 946 948 credentiam
965 887 1093 967 propter
1118 876 1268 945 inuidiam
1291 877 1451 945 lacertum

375 1005 465 1055 suem
487 987 653 1055 comedere
679 986 806 1076 pellem,
839 986 1121 1075 praesentissimum
1149 983 1253 1053 morbi
1279 984 1453 1053 comitialis

374 1092 569 1171 remedium;
587 1104 757 1161 etcertum
786 1092 819 1159 in
842 1092 1036 1159 anfractibus
1051 1091 1206 1181 sylvarum
1231 1090 1365 1161 maxime
1389 1091 1448 1161 in-

372 1198 432 1267 viis
446 1199 604 1289 deponere
626 1220 756 1281 cornua,
776 1199 893 1289 quibus
907 1201 1003 1267 homo
1015 1198 1114 1288 possit
1126 1197 1191 1266 vim
1204 1196 1318 1265 veneni
1335 1195 1450 1287 repel-

374 1305 450 1375 lere.
467 1305 531 1375 Sed
545 1306 612 1374 haec
623 1307 709 1395 vulgi
733 1316 764 1375 et
779 1306 1009 1394 imperitorum.
1028 1304 1112 1388 Quid
1128 1324 1203 1372 vero
1218 1304 1257 1371 de
1274 1303 1450 1373 Aristotele

376 1412 589 1493 sentiendum,
606 1413 673 1482 viro
697 1433 759 1482 nou
775 1412 836 1481 levi
851 1422 969 1493 umen,
995 1412 1050 1499 qni
1068 1419 1223 1479 memorat
1246 1431 1361 1499 eqrrum
1383 1410 1450 1479 ad-

374 1518 519 1589 strictum
543 1519 678 1601 incesto,
706 1528 842 1589 mortem
868 1518 973 1607 ipsum
987 1518 1059 1597 sibi,
1085 1516 1283 1606 OEdipodem
1299 1516 1450 1597 alterum,

378 1625 633 1715 mmmm

416 1730 531 1822 Plinii(
546 1734 662 1801 nedum
676 1730 816 1822 AEliani)
840 1732 969 1801 fabellas
994 1730 1065 1819 plus
1087 1747 1182 1819 quam
1208 1730 1308 1799 aniles
1324 1730 1447 1799 referre

371 1858 614 1929 supervacuum:
630 1840 718 1908 locus
728 1859 813 1906 unus
826 1837 960 1907 sufficiet
974 1837 1029 1905 nbi
1044 1836 1120 1903 dicit
1134 1836 1270 1924 aquilam
1286 1836 1446 1905 infensum

372 1966 444 2015 esse
465 1944 609 2025 trochilo,
637 1944 787 2033 quoniam
814 1943 862 2035 (si
887 1941 1068 2033 credimus)
1091 1942 1226 2031 pusillus
1244 1943 1305 2011 iste
1326 1965 1447 2013 nomen

371 2051 538 2141 usurpavit
553 2050 678 2139 Reguli.
705 2051 894 2119 Plutarchus
915 2061 1022 2119 autem
1041 2050 1122 2118 haud
1139 2049 1241 2118 multo
1255 2051 1445 2139 sapientior,

293 2224 295 2227 .
371 2157 452 2227 Cum
465 2157 549 2225 enim
565 2157 708 2226 libellum
733 2158 773 2227 de
793 2157 977 2225 animalium
1001 2156 1154 2225 industria
1171 2158 1213 2235 ,iu
1240 2159 1318 2227 duas
1339 2168 1448 2248 partes

372 2264 524 2340 diviserit,
542 2283 606 2335 uua
619 2264 750 2353 quidem
764 2264 867 2353 gravis
888 2275 920 2333 et
933 2265 1014 2333 seria
1030 2265 1280 2357 philosophicam
1295 2254 1445 2353 disputa-

369 2372 490 2440 tionem
501 2380 610 2439 cnntra
622 2370 744 2439 Stoicos
755 2371 909 2453 continet,
926 2370 1024 2439 altera
1040 2393 1114 2440 vero
1127 2374 1269 2461 geminas
1283 2371 1447 2440 orationes

369 2478 555 2559 rhetorices,
572 2477 687 2567 quihus
713 2476 898 2545 scholastico
912 2497 1001 2546 more
1030 2478 1227 2547 lascivientes
1238 2478 1447 2548 Aristotimus

371 2584 544 2664 terream,
555 2583 895 2673 Phaedimusaqnatilia
913 2584 1060 2652 animalia
1074 2586 1259 2654 defendunt.
1277 2584 1325 2653 lta
1338 2596 1446 2675 patro-

368 2712 430 2761 nus
453 2700 599 2780 uterque,
631 2699 760 2780 propter
785 2690 948 2758 clientium
973 2711 1126 2774 amorem,
1155 2691 1288 2762 dicenda
1310 2691 1446 2761 tacenda

367 2799 500 2889 jactitat,
515 2799 604 2867 eade
619 2818 653 2866 re
677 2798 852 2886 praesertim
875 2797 989 2866 anxius
1003 2820 1067 2887 quo
1092 2799 1187 2869 modo
1214 2822 1287 2868 suas
1310 2799 1446 2869 extollat

370 2916 487 2996 partes,
512 2916 542 2973 et
564 2913 687 2994 premat
709 2905 865 2972 adversas.
884 2904 946 2974 Ubi
968 2926 1041 2973 vero
1058 2908 1192 2995 peractis
1206 2906 1446 2977 defensionibus

370 3011 569 3100 dijudicanda
581 3011 620 3078 lis
635 3019 694 3091 est,
711 3011 829 3078 arbiter
838 3031 941 3080 causat
955 3012 1101 3080 Soclarus
1114 3012 1125 3104 f
1134 3035 1202 3080 rem
1216 3023 1350 3096 tentam,
1363 3013 1443 3103 opi-

370 3140 441 3199 nor,
458 3117 606 3186 dirimere
615 3117 764 3209 veritus),
781 3119 997 3206 gratissimum
1012 3121 1071 3187 hoc
1082 3119 1251 3189 Plutarcho
1264 3120 1440 3188 concludit:

369 3225 555 3308 «Quoniam
576 3225 700 3294 diverso
720 3225 833 3293 itinere
855 3227 894 3293 ad
918 3225 1014 3294 hnem
1038 3227 1184 3294 eumdem
1219 3227 1440 3316 perveneritis,

369 3333 553 3400 animalium
577 3353 692 3421 nempe
706 3332 938 3422 purgationem,
955 3332 981 3400 si
996 3334 1067 3421 quis
1079 3352 1116 3400 ca
1133 3332 1319 3401 contemtio
1336 3353 1442 3402 nuum

370 3461 441 3528 quae
463 3439 542 3506 alter
561 3439 710 3506 adversus
739 3438 874 3506 alterum
899 3438 1060 3518 attulistis,
1093 3437 1166 3506 inde
1189 3439 1289 3529 possit
1308 3459 1364 3510 eos
1384 3441 1439 3528 qtri

369 3545 487 3614 bestias
501 3546 588 3613 omui
616 3544 825 3634 intelligentia
850 3543 1036 3612 defraudant
1052 3544 1184 3614 feliciter
1198 3546 1394 3636 impugnare.
1420 3570 1436 3607 a

369 3651 441 3722 Non
455 3662 518 3718 tam
533 3649 665 3718 feliciter
679 3670 774 3738 quam
789 3659 890 3739 putas.
907 3649 970 3732 Qui
985 3651 1080 3719 nimis
1095 3651 1217 3741 probat,
1234 3673 1346 3741 parum
1361 3674 1439 3744 pro-

369 3758 435 3841 bat,
462 3768 494 3826 et
507 3777 590 3845 saepe
607 3777 661 3825 reo
675 3757 723 3824 vel
748 3756 910 3825 innocenti
924 3756 1032 3824 nocuit
1046 3757 1244 3839 advocatum,
1265 3759 1336 3848 plns
1347 3781 1439 3849 equo

369 3863 543 3953 benignum
556 3873 588 3932 et
602 3863 739 3947 facilem,
755 3862 806 3946 iis,
822 3883 894 3953 quae
915 3874 1019 3932 tamen
1036 3863 1146 3933 Cicero
1160 3865 1326 3954 permittit,
1342 3887 1436 3936 men-

369 3969 570 4040 daciolisuti.

407 4189 442 4268 (b)
456 4190 525 4248 hist.
538 4191 573 4248 de
588 4190 648 4249 noi.
667 4192 717 4262 lll,
731 4195 773 4250 ta.
