3192 5475
243 2365 313 2434 Jam
335 2364 474 2433 Platonis
488 2376 642 2453 praecepta
656 2366 696 2432 de
708 2363 822 2445 brutis,
837 2364 864 2431 si
876 2383 937 2452 qua
947 2374 1023 2432 sunt
1034 2381 1182 2452 expressa
1195 2359 1264 2428 dis·

198 2472 340 2553 tinctlus,
353 2470 558 2539 excutiamus.
567 2470 804 2539 Socratesenim
815 2470 881 2559 ipse
893 2470 933 2538 de
942 2469 1143 2538 fabricatione
1154 2466 1263 2535 muudi

199 2587 232 2645 et
255 2577 464 2644 animantium
485 2576 644 2645 uariorum
676 2586 786 2644 natura
810 2576 875 2644 lere
904 2576 979 2643 nihil
1008 2575 1196 2655 attenderat,
1228 2572 1261 2639 in

200 2683 330 2753 homine
357 2693 443 2752 totus
468 2692 501 2751 et
528 2683 560 2752 iu
586 2684 665 2753 Deo.
697 2682 838 2752 Platonis
863 2703 937 2753 ueto
966 2682 1094 2751 uberior
1121 2678 1263 2750 doctriua

200 2810 307 2858 rerum
333 2790 398 2858 iere
426 2790 571 2858 omnium
598 2790 848 2878 procreationem
862 2789 1060 2878 amplectitur
1074 2788 1107 2855 in
1130 2786 1259 2856 Timaeo.
1346 2791 1349 2797 ’

200 2895 267 2964 Illic
287 2907 406 2976 autem,
432 2895 620 2964 utbreviter
638 2914 823 2970 memorem.
857 2916 1017 2964 summum
1034 2895 1136 2963 Deum
1166 2893 1262 2960 indu-

199 3002 262 3071 cit·
283 3001 405 3068 animas
441 3001 635 3069 immortales
667 3002 863 3090 lingentem3
905 3002 981 3068 dum
1014 3000 1179 3069 interiores
1213 2997 1265 3066 Dii

199 3107 357 3176 terrestria
382 3117 415 3176 et
430 3108 572 3175 mortalia
585 3129 719 3196 quaeque
741 3107 913 3175 informare
934 3107 1098 3195 jubentur.
1116 3104 1263 3174 Mortalia

199 3223 306 3281 autem
325 3234 395 3300 quae
410 3212 491 3280 inira
504 3213 624 3295 lunam,
644 3223 677 3281 et
698 3233 793 3282 omne
807 3234 910 3302 genus
936 3211 1136 3281 animantiuu
1150 3211 1182 3278 in
1196 3221 1264 3277 tres

201 3318 322 3408 specics
335 3317 495 3386 dividitur.
516 3318 652 3386 Unaesl
670 3339 866 3407 eorumquae
887 3329 1032 3386 naturam
1051 3316 1164 3385 sortita
1189 3325 1265 3384 sunt

204 3423 300 3513 ignis,
317 3424 444 3512 qualem
459 3413 564 3492 solem
577 3433 609 3492 et
634 3425 743 3492 lunam
756 3424 911 3505 uidemus,
933 3425 1056 3512 aliaque
1079 3423 1192 3491 sidera.
1205 3422 1264 3490 Al-

200 3542 305 3599 terum
318 3549 471 3617 genusex
485 3549 570 3609 aere,
591 3549 661 3616 quae
688 3540 801 3598 natura
820 3525 871 3598 cst
894 3530 1108 3610 llaemonum3
1135 3528 1264 3596 tertium

200 3636 338 3723 denique
351 3655 391 3702 ex
405 3654 486 3722 aqua
500 3639 532 3702 et
547 3645 629 3703 terra
643 3635 789 3722 coalescit
805 3660 813 3716 ;
834 3636 921 3704 uode
936 3635 1069 3703 mortale
1082 3655 1186 3723 genus
1197 3655 1266 3704 oor-

200 3762 314 3831 porom
327 3741 360 3808 in
372 3750 535 3807 terrenum
551 3760 587 3808 ac
605 3749 754 3808 terrestre
775 3740 1005 3828 distinguitur;
1031 3750 1196 3810 terrenum
1225 3743 1264 3809 ad

202 3848 331 3916 arbores
344 3855 527 3934 ceterasque
538 3846 808 3935 fruges-pertinet,
834 3867 905 3934 quae
930 3847 1018 3914 humi
1041 3846 1154 3929 affixae,
1169 3847 1265 3916 uitam

204 3953 375 4035 radicibus,
404 3964 555 4041 tanquam
579 3973 634 4020 ore
646 3961 810 4040 sugentes
825 3952 865 4019 au
879 3973 913 4020 so
938 3954 1065 4021 trahunt
1080 3977 1088 4031 ;
1106 3954 1267 4022 terrestria

201 4081 277 4127 vero
289 4068 515 4148 nuncupantur
528 4079 597 4146 quae
610 4057 666 4123 alit
687 4065 719 4124 ct
747 4057 884 4125 sustinet
899 4058 1010 4140 tellus,
1024 4079 1138 4148 pecora
1153 4080 1267 4150 nempe

203 4177 235 4235 ct
250 4165 405 4233 homines.
423 4165 476 4233 Sic
494 4164 589 4232 orbes
600 4163 751 4243 siderum,
767 4161 948 4245 Daemones,
964 4164 1091 4252 plautae,
1108 4166 1266 4254 pecudum

204 4271 551 4366 ltotninumqucgeuus
577 4268 845 4346 incantante
868 4269 982 4360 pariter
1002 4282 1262 4354 annumerantur.
