3192 5475
799 606 977 678 ,εε-

356 747 482 827 tiarum.
515 748 644 819 Homini
671 764 774 820 tamen
799 733 900 820 inulto
928 754 1058 843 propius
1080 772 1176 840 quam
1203 750 1329 839 plantae,
1351 743 1417 815 rim

355 856 700 929 discernendi‘naetum
723 870 784 937 est,
812 861 945 948 quaesit
970 858 1115 948 frugibus
1129 859 1294 944 denegata.
1312 854 1418 922 Arbor

356 964 441 1031 enim
466 965 552 1031 nulla
575 985 729 1053 unquam,
753 967 839 1033 nulla
863 966 1011 1035 fruticum
1039 985 1188 1054 propago,
1214 960 1418 1051 quantumvis

295 1148 297 1151 ,
353 1070 496 1154 erratica,
511 1070 665 1161 deprensa
677 1081 737 1155 est,
752 1093 822 1161 quae
834 1073 961 1163 proprio
973 1082 1061 1139 motu
1074 1070 1222 1139 salutaria
1236 1076 1412 1157 appeteret,

353 1178 749 1268 autr'elugeretpestilera.
776 1180 873 1268 Atqui
897 1178 1087 1269 dijudicandi
1113 1177 1199 1244 illam
1230 1176 1411 1242 facultatem

353 1284 540 1353 Aristoteles
556 1285 622 1373 ipse
634 1282 770 1353 declarat
782 1307 896 1353 sensus
908 1306 1033 1375 unoque
1048 1284 1162 1352 mentis
1176 1303 1246 1351 esse
1259 1280 1413 1349 odicium:

356 1391 441 1459 unde
455 1390 666 1479 colligendum
688 1391 789 1480 aliqua
816 1405 922 1460 mente
942 1392 1059 1460 bestias
1080 1391 1142 1471 uti;
1168 1383 1418 1476 sedquatenus‘l

354 1497 391 1565 ln
406 1497 457 1564 illa
472 1498 679 1564 animantium
702 1497 784 1567 serio
800 1518 896 1588 quam
916 1511 1034 1567 catenae
1050 1496 1202 1587 pendenti
1216 1493 1414 1562 assimilare-

275 1592 281 1603 ’
302 1657 304 1663 .
354 1604 426 1686 rim,
444 1604 661 1693 unnsquisque
684 1606 822 1673 annulus
843 1626 968 1673 summa
991 1605 1040 1673 sui
1055 1615 1143 1693 parte
1158 1601 1339 1671 inferiorem
1353 1619 1414 1666 an·

357 1710 423 1777 nuli
441 1732 535 1799 supra
560 1710 652 1800 positi
675 1723 797 1801 partem
819 1712 955 1799 attingit.
974 1712 1020 1779 lta
1034 1712 1120 1800 quod
1134 1722 1182 1779 est
1197 1710 1229 1775 in
1244 1706 1417 1776 bestiarum

355 1817 517 1884 intellectu
528 1816 829 1901 eminentissimum,
846 1819 930 1909 apud
945 1840 1003 1885 nos
1017 1829 1076 1900 est,
1092 1838 1156 1907 praa
1169 1814 1284 1885 ceteris
1298 1813 1418 1881 iutelli-

355 1922 599 2009 gentiaenostrae
613 1924 812 2007 muneribus,
837 1926 983 1993 infimum
1006 1936 1038 1991 et
1057 1944 1188 2015 prorsus
1202 1922 1333 1990 humile.
1351 1918 1416 1989 lta-

354 2049 417 2118 que
431 2030 618 2098 Aristoteles
630 2042 772 2099 naturam
786 2031 952 2100 brutorum
964 2031 1092 2098 affinem
1106 2052 1176 2099 esse
1188 2030 1288 2098 voluit
1302 2027 1415 2095 inlau-

355 2124 571 2219 tiae-hominis,
596 2139 711 2226 quain
738 2149 829 2207 aetate
853 2139 1037 2227 imperleeta
1060 2137 1201 2207 cernitur
1225 2133 1415 2204 maturitatis

357 2254 472 2311 nostrae
486 2242 667 2313 delineatio.
684 2244 774 2313 Hane
786 2244 1025 2314 similitudinem
1037 2246 1121 2312 lraud
1136 2244 1233 2312 semel
1246 2240 1414 2332 expressit,

355 2368 415 2418 neo
426 2349 551 2439 injuria,
562 2361 601 2418 ut
613 2352 666 2440 qui
679 2351 813 2420 bestiam
828 2368 860 2419 et
872 2352 1025 2419 infantem
1046 2336 1121 2421 rere
1135 2371 1227 2441 pares
1239 2367 1414 2437 compone-

356 2460 414 2525 ret.
430 2455 534 2538 Quam
546 2457 633 2525 enim
647 2479 681 2525 se
694 2458 832 2527 reserant
846 2460 980 2528 inrieem
995 2459 1027 2526 in
1050 2459 1214 2549 propatulo
1228 2468 1287 2524 est.
1310 2455 1412 2523 Nam-

356 2568 418 2651 que
432 2582 502 2631 eam
515 2572 656 2631 mentem
678 2585 761 2652 quoe,
777 2566 899 2633 homini
913 2577 1038 2634 maturo
1058 2566 1168 2646 indita,
1186 2565 1252 2653 ipsa
1264 2583 1299 2630 se
1311 2559 1413 2648 inspi-

356 2669 411 2766 cit,
435 2690 499 2762 non
525 2668 608 2761 apud
628 2670 781 2740 insontem
800 2684 856 2740 aut
878 2674 1011 2742 bestiam
1024 2673 1165 2741 inuenies
1176 2670 1219 2761 (8)
1236 2668 1418 2757 Nunquam

357 2765 467 2843 eorum
496 2776 675 2848 intellectus
696 2799 766 2847 sese
789 2779 919 2868 colligit,
942 2779 1138 2869 usqueadeo
1161 2777 1309 2847 sensibus
1334 2777 1417 2844 loras

357 2887 516 2965 erooatur,
531 2884 650 2952 nedum
663 2906 697 2953 se
712 2885 797 2954 intus
811 2888 987 2978 reputando
1002 2888 1161 2957 contineat
1172 2885 1233 2975 (e).

355 3009 359 3016 ·
400 2989 469 3058 Jarn
485 3011 559 3058 roro
573 2991 702 3060 libertas
714 2995 819 3062 neutri
831 3016 942 3062 eorum
954 2995 1121 3083 contingit,
1136 2993 1163 3062 si
1174 2993 1284 3062 eredas
1295 2989 1416 3060 Aristo-

360 3091 428 3165 reti:
441 3095 567 3186 Quippe
578 3097 633 3186 qui
649 3098 826 3168 libertatem
853 3113 885 3170 et
906 3102 1101 3170 voluntatem
1117 3099 1287 3189 legitimam
1300 3095 1415 3166 existi-

357 3213 424 3272 met
437 3223 509 3292 quse
519 3205 686 3294 conjuncta
700 3207 828 3291 rationi,
840 3228 877 3276 ae
889 3208 939 3276 sui
950 3208 1087 3289 conseia,
1097 3203 1420 3296 naturalesappetitus

354 3307 473 3398 judicio
488 3311 681 3394 moderatur,
709 3325 805 3403 atque
828 3315 923 3382 etiam
944 3315 1050 3383 vincit.
1068 3313 1193 3383 Animal
1204 3324 1310 3381 autem
1324 3309 1412 3390 dicit,

360 3416 527 3514 prepositis
536 3418 620 3516 bono
628 3429 660 3486 et
672 3421 767 3501 malo,
782 3420 821 3486 ad
833 3419 954 3487 bonum
966 3421 1105 3510 impulsu
1113 3409 1245 3500 natura,
1259 3417 1328 3485 sine
1339 3435 1420 3485 eona

356 3521 426 3589 sdio
441 3520 527 3590 ferri:
542 3533 637 3612 atque
647 3524 688 3592 de
701 3525 873 3593 infantibus
881 3525 970 3608 item,
984 3527 1140 3617 siquidem
1153 3536 1261 3594 noster
1275 3525 1342 3591 sine
1351 3541 1423 3589 rer·

339 3627 470 3696 ,borum
490 3629 676 3718 ambagibus
702 3631 843 3699 defendit
868 3633 1040 3702 bestiarum
1062 3646 1094 3702 et
1114 3633 1282 3700 infantium
1297 3630 1419 3696 animas

357 3733 437 3802 nilril
446 3735 637 3827 discrepare.

358 3873 362 3878 ·
402 3839 504 3925 Venio
512 3842 552 3910 ad
564 3847 749 3916 memoriam
760 3847 801 3914 de
812 3867 873 3938 qua
883 3859 1028 3920 accurate
1038 3847 1208 3939 disputarit
1218 3843 1415 3915 Aristoteles.

357 3946 437 4050 Quae
447 3942 593 4043 animalia
607 3954 759 4042 temporis
773 3975 904 4022 sensum
919 3956 1048 4037 habent,
1066 3955 1180 4044 inquit,
1205 3974 1242 4021 ea
1256 3951 1323 4020 sola
1346 3970 1418 4018 me-

357 4053 530 4123 minerunt.
546 4053 672 4124 Etenim
686 4079 760 4127 cunr
772 4059 844 4149 quis
868 4062 967 4129 utitur
981 4061 1144 4142 memoria,
1160 4059 1257 4129 sentit
1270 4080 1304 4126 se
1318 4058 1350 4124 id
1366 4056 1416 4124 ri-

357 4159 441 4238 disse
454 4171 509 4228 aut
520 4163 696 4252 percepisse
709 4167 807 4255 prius.
823 4168 917 4239 Prius
944 4169 1140 4237 autemillud
1155 4168 1341 4254 intempore
1355 4175 1415 4232 est.

358 4265 422 4335 Sed
436 4263 487 4338 eui
498 4267 612 4337 animae
622 4273 704 4361 parti
716 4275 869 4346 memoria
883 4274 1003 4346 insidet
1012 4275 1037 4356 ‘l
1055 4275 1167 4352 Eidem
1181 4275 1289 4363 inqua
1305 4269 1419 4360 imagi·
