<?xml version="1.0" encoding="UTF-8"?>
<!DOCTYPE html PUBLIC "-//W3C//DTD XHTML 1.0 Transitional//EN"
    "http://www.w3.org/TR/xhtml1/DTD/xhtml1-transitional.dtd">
<html xmlns="http://www.w3.org/1999/xhtml" xml:lang="en" lang="en">
 <head>
  <title>
</title>
<meta http-equiv="Content-Type" content="text/html;charset=utf-8" />
  <meta name='ocr-system' content='tesseract 3.04.00' />
  <meta name='ocr-capabilities' content='ocr_page ocr_carea ocr_par ocr_line ocrx_word'/>
</head>
<body>
  <div class='ocr_page' id='page_1' title='image "./deanimabrutorum00brgoog_0011.png"; bbox 0 0 3192 5475; ppageno 0'>
   <div class='ocr_carea' id='block_1_1' title="bbox 175 641 1256 1924">
    <p class='ocr_par' dir='ltr' id='par_1_1' title="bbox 175 641 1256 1924">
     <span class='ocr_line' id='line_1_1' title="bbox 175 641 1243 719; baseline -0.001 -3"><span class='ocrx_word' id='word_1_1' title='bbox 175 649 360 718; x_wconf 82' lang='lat' dir='ltr'>afferebant.</span> <span class='ocrx_word' id='word_1_2' title='bbox 377 649 496 718; x_wconf 88' lang='lat' dir='ltr'>Pecudi</span> <span class='ocrx_word' id='word_1_3' title='bbox 510 658 542 718; x_wconf 92' lang='lat' dir='ltr'>et</span> <span class='ocrx_word' id='word_1_4' title='bbox 553 650 675 718; x_wconf 92' lang='lat' dir='ltr'>homini</span> <span class='ocrx_word' id='word_1_5' title='bbox 688 651 826 719; x_wconf 80' lang='lat' dir='ltr'>essentia</span> <span class='ocrx_word' id='word_1_6' title='bbox 848 650 1005 717; x_wconf 79' lang='lat' dir='ltr'>animract</span> <span class='ocrx_word' id='word_1_7' title='bbox 1023 647 1103 717; x_wconf 87' lang='lat' dir='ltr'>ratio</span> <span class='ocrx_word' id='word_1_8' title='bbox 1130 641 1243 716; x_wconf 89' lang='lat' dir='ltr'>eadem</span> 
     </span>
     <span class='ocr_line' id='line_1_2' title="bbox 177 758 1245 856; baseline -0.003 -23"><span class='ocrx_word' id='word_1_9' title='bbox 177 774 228 833; x_wconf 87' lang='lat' dir='ltr'>est</span> <span class='ocrx_word' id='word_1_10' title='bbox 253 765 285 831; x_wconf 93' lang='lat' dir='ltr'>in</span> <span class='ocrx_word' id='word_1_11' title='bbox 318 774 473 853; x_wconf 80' lang='lat' dir='ltr'>potestate</span> <span class='ocrx_word' id='word_1_12' title='bbox 498 760 551 856; x_wconf 79' lang='grc' dir='ltr'>(ἐν</span> <span class='ocrx_word' id='word_1_13' title='bbox 575 758 721 855; x_wconf 68' lang='lat' dir='ltr'>becapai),</span> <span class='ocrx_word' id='word_1_14' title='bbox 755 786 848 835; x_wconf 90' lang='lat' dir='ltr'>mens</span> <span class='ocrx_word' id='word_1_15' title='bbox 870 775 977 833; x_wconf 90' lang='lat' dir='ltr'>autem</span> <span class='ocrx_word' id='word_1_16' title='bbox 1012 774 1045 833; x_wconf 93' lang='lat' dir='ltr'>et</span> <span class='ocrx_word' id='word_1_17' title='bbox 1077 762 1245 853; x_wconf 85' lang='lat' dir='ltr'>prudentia</span> 
     </span>
     <span class='ocr_line' id='line_1_3' title="bbox 178 874 1250 971; baseline 0 -26"><span class='ocrx_word' id='word_1_18' title='bbox 178 876 286 967; x_wconf 81' lang='lat' dir='ltr'>dispar</span> <span class='ocrx_word' id='word_1_19' title='bbox 310 880 343 947; x_wconf 91' lang='lat' dir='ltr'>in</span> <span class='ocrx_word' id='word_1_20' title='bbox 368 891 439 947; x_wconf 88' lang='lat' dir='ltr'>actu</span> <span class='ocrx_word' id='word_1_21' title='bbox 465 874 522 969; x_wconf 78' lang='grc' dir='ltr'>(ἐν</span> <span class='ocrx_word' id='word_1_22' title='bbox 546 874 709 971; x_wconf 76' lang='grc' dir='ltr'>ἐνεργείᾳ).</span> <span class='ocrx_word' id='word_1_23' title='bbox 738 879 785 948; x_wconf 92' lang='lat' dir='ltr'>lta</span> <span class='ocrx_word' id='word_1_24' title='bbox 807 880 938 969; x_wconf 87' lang='lat' dir='ltr'>quidem</span> <span class='ocrx_word' id='word_1_25' title='bbox 961 879 1103 969; x_wconf 81' lang='lat' dir='ltr'>praecipit</span> <span class='ocrx_word' id='word_1_26' title='bbox 1130 878 1250 965; x_wconf 84' lang='lat' dir='ltr'>Dioge-</span> 
     </span>
     <span class='ocr_line' id='line_1_4' title="bbox 178 983 1246 1073; baseline -0.002 -23"><span class='ocrx_word' id='word_1_27' title='bbox 178 1004 238 1051; x_wconf 86' lang='lat' dir='ltr'>nes</span> <span class='ocrx_word' id='word_1_28' title='bbox 262 985 428 1073; x_wconf 84' lang='lat' dir='ltr'>Apollouia</span> <span class='ocrx_word' id='word_1_29' title='bbox 452 986 617 1067; x_wconf 88' lang='lat' dir='ltr'>oriundus,</span> <span class='ocrx_word' id='word_1_30' title='bbox 645 985 886 1054; x_wconf 90' lang='lat' dir='ltr'>crassitudinem</span> <span class='ocrx_word' id='word_1_31' title='bbox 912 986 1001 1054; x_wconf 86' lang='lat' dir='ltr'>aeris</span> <span class='ocrx_word' id='word_1_32' title='bbox 1031 983 1153 1052; x_wconf 91' lang='lat' dir='ltr'>humidi</span> <span class='ocrx_word' id='word_1_33' title='bbox 1180 1000 1246 1072; x_wconf 91' lang='lat' dir='ltr'>quo</span> 
     </span>
     <span class='ocr_line' id='line_1_5' title="bbox 178 1090 1246 1181; baseline 0.001 -26"><span class='ocrx_word' id='word_1_34' title='bbox 178 1100 342 1159; x_wconf 87' lang='lat' dir='ltr'>mutorum</span> <span class='ocrx_word' id='word_1_35' title='bbox 362 1092 466 1159; x_wconf 91' lang='lat' dir='ltr'>anima</span> <span class='ocrx_word' id='word_1_36' title='bbox 489 1093 643 1161; x_wconf 85' lang='lat' dir='ltr'>confletur</span> <span class='ocrx_word' id='word_1_37' title='bbox 670 1091 824 1181; x_wconf 88' lang='lat' dir='ltr'>impedire</span> <span class='ocrx_word' id='word_1_38' title='bbox 837 1113 879 1161; x_wconf 91' lang='lat' dir='ltr'>ne</span> <span class='ocrx_word' id='word_1_39' title='bbox 903 1092 1071 1160; x_wconf 90' lang='lat' dir='ltr'>hominum</span> <span class='ocrx_word' id='word_1_40' title='bbox 1091 1110 1181 1159; x_wconf 92' lang='lat' dir='ltr'>more</span> <span class='ocrx_word' id='word_1_41' title='bbox 1196 1090 1246 1156; x_wconf 90' lang='lat' dir='ltr'>in-</span> 
     </span>
     <span class='ocr_line' id='line_1_6' title="bbox 178 1196 1249 1287; baseline 0.001 -26"><span class='ocrx_word' id='word_1_42' title='bbox 178 1196 322 1285; x_wconf 87' lang='lat' dir='ltr'>telligant</span> <span class='ocrx_word' id='word_1_43' title='bbox 345 1209 401 1265; x_wconf 89' lang='lat' dir='ltr'>aut</span> <span class='ocrx_word' id='word_1_44' title='bbox 424 1200 574 1285; x_wconf 82' lang='lat' dir='ltr'>cogitent.</span> <span class='ocrx_word' id='word_1_45' title='bbox 603 1198 738 1287; x_wconf 89' lang='lat' dir='ltr'>Diogeni</span> <span class='ocrx_word' id='word_1_46' title='bbox 748 1199 965 1267; x_wconf 90' lang='lat' dir='ltr'>consentiebat</span> <span class='ocrx_word' id='word_1_47' title='bbox 983 1198 1198 1285; x_wconf 80' lang='lat' dir='ltr'>Anaxagoras,</span> <span class='ocrx_word' id='word_1_48' title='bbox 1211 1204 1249 1264; x_wconf 89' lang='lat' dir='ltr'>ut</span> 
     </span>
     <span class='ocr_line' id='line_1_7' title="bbox 180 1302 1244 1394; baseline 0.004 -27"><span class='ocrx_word' id='word_1_49' title='bbox 180 1302 235 1389; x_wconf 91' lang='lat' dir='ltr'>qui</span> <span class='ocrx_word' id='word_1_50' title='bbox 249 1303 367 1371; x_wconf 86' lang='lat' dir='ltr'>diceret</span> <span class='ocrx_word' id='word_1_51' title='bbox 381 1304 528 1372; x_wconf 92' lang='lat' dir='ltr'>omnibus</span> <span class='ocrx_word' id='word_1_52' title='bbox 539 1306 666 1394; x_wconf 88' lang='lat' dir='ltr'>quidem</span> <span class='ocrx_word' id='word_1_53' title='bbox 674 1304 862 1372; x_wconf 90' lang='lat' dir='ltr'>animalibus</span> <span class='ocrx_word' id='word_1_54' title='bbox 873 1305 1069 1373; x_wconf 88' lang='lat' dir='ltr'>intellectum</span> <span class='ocrx_word' id='word_1_55' title='bbox 1078 1303 1244 1391; x_wconf 81' lang='lat' dir='ltr'>obtigisse,</span> 
     </span>
     <span class='ocr_line' id='line_1_8' title="bbox 181 1407 1247 1500; baseline -0.002 -25"><span class='ocrx_word' id='word_1_56' title='bbox 181 1407 237 1477; x_wconf 91' lang='lat' dir='ltr'>sed</span> <span class='ocrx_word' id='word_1_57' title='bbox 257 1430 331 1478; x_wconf 92' lang='lat' dir='ltr'>eum</span> <span class='ocrx_word' id='word_1_58' title='bbox 342 1410 506 1499; x_wconf 88' lang='lat' dir='ltr'>agiliorem</span> <span class='ocrx_word' id='word_1_59' title='bbox 531 1412 746 1499; x_wconf 89' lang='lat' dir='ltr'>segnioremve</span> <span class='ocrx_word' id='word_1_60' title='bbox 765 1412 798 1479; x_wconf 92' lang='lat' dir='ltr'>in</span> <span class='ocrx_word' id='word_1_61' title='bbox 818 1431 1009 1500; x_wconf 90' lang='lat' dir='ltr'>unoquoque</span> <span class='ocrx_word' id='word_1_62' title='bbox 1032 1408 1247 1500; x_wconf 86' lang='lat' dir='ltr'>deprehendi:</span> 
     </span>
     <span class='ocr_line' id='line_1_9' title="bbox 179 1514 1250 1606; baseline 0.001 -24"><span class='ocrx_word' id='word_1_63' title='bbox 179 1514 255 1603; x_wconf 85' lang='lat' dir='ltr'>quid</span> <span class='ocrx_word' id='word_1_64' title='bbox 267 1517 299 1583; x_wconf 92' lang='lat' dir='ltr'>in</span> <span class='ocrx_word' id='word_1_65' title='bbox 307 1536 400 1584; x_wconf 91' lang='lat' dir='ltr'>causa</span> <span class='ocrx_word' id='word_1_66' title='bbox 412 1517 542 1606; x_wconf 89' lang='lat' dir='ltr'>sit,ipse</span> <span class='ocrx_word' id='word_1_67' title='bbox 554 1517 943 1605; x_wconf 82' lang='lat' dir='ltr'>expedietMeusetenim</span> <span class='ocrx_word' id='word_1_68' title='bbox 951 1518 1096 1604; x_wconf 86' lang='lat' dir='ltr'>illa‚quae</span> <span class='ocrx_word' id='word_1_69' title='bbox 1105 1515 1190 1583; x_wconf 90' lang='lat' dir='ltr'>varia</span> <span class='ocrx_word' id='word_1_70' title='bbox 1198 1535 1250 1583; x_wconf 90' lang='lat' dir='ltr'>re·</span> 
     </span>
     <span class='ocr_line' id='line_1_10' title="bbox 180 1622 1250 1712; baseline 0.001 -25"><span class='ocrx_word' id='word_1_71' title='bbox 180 1640 253 1688; x_wconf 90' lang='lat' dir='ltr'>rum</span> <span class='ocrx_word' id='word_1_72' title='bbox 264 1622 421 1690; x_wconf 89' lang='lat' dir='ltr'>elementa</span> <span class='ocrx_word' id='word_1_73' title='bbox 429 1624 517 1711; x_wconf 91' lang='lat' dir='ltr'>prius</span> <span class='ocrx_word' id='word_1_74' title='bbox 530 1624 659 1691; x_wconf 84' lang='lat' dir='ltr'>confusa</span> <span class='ocrx_word' id='word_1_75' title='bbox 671 1624 805 1712; x_wconf 80' lang='lat' dir='ltr'>sapienti</span> <span class='ocrx_word' id='word_1_76' title='bbox 815 1634 904 1692; x_wconf 90' lang='lat' dir='ltr'>motu</span> <span class='ocrx_word' id='word_1_77' title='bbox 917 1623 1061 1704; x_wconf 86' lang='lat' dir='ltr'>secrevit,</span> <span class='ocrx_word' id='word_1_78' title='bbox 1076 1622 1119 1689; x_wconf 92' lang='lat' dir='ltr'>ita</span> <span class='ocrx_word' id='word_1_79' title='bbox 1128 1641 1250 1709; x_wconf 86' lang='lat' dir='ltr'>sequo-</span> 
     </span>
     <span class='ocr_line' id='line_1_11' title="bbox 181 1728 1253 1820; baseline 0 -27"><span class='ocrx_word' id='word_1_80' title='bbox 181 1748 356 1815; x_wconf 89' lang='lat' dir='ltr'>quoversus</span> <span class='ocrx_word' id='word_1_81' title='bbox 367 1728 494 1811; x_wconf 84' lang='lat' dir='ltr'>infudit,</span> <span class='ocrx_word' id='word_1_82' title='bbox 509 1738 544 1796; x_wconf 92' lang='lat' dir='ltr'>ut</span> <span class='ocrx_word' id='word_1_83' title='bbox 554 1730 683 1817; x_wconf 88' lang='lat' dir='ltr'>spiritus</span> <span class='ocrx_word' id='word_1_84' title='bbox 694 1730 778 1798; x_wconf 91' lang='lat' dir='ltr'>idem</span> <span class='ocrx_word' id='word_1_85' title='bbox 789 1729 1027 1820; x_wconf 83' lang='lat' dir='ltr'>universitatem</span> <span class='ocrx_word' id='word_1_86' title='bbox 1039 1728 1151 1796; x_wconf 91' lang='lat' dir='ltr'>mundi</span> <span class='ocrx_word' id='word_1_87' title='bbox 1163 1728 1253 1796; x_wconf 89' lang='lat' dir='ltr'>intus</span> 
     </span>
     <span class='ocr_line' id='line_1_12' title="bbox 180 1832 1256 1924; baseline 0 -23"><span class='ocrx_word' id='word_1_88' title='bbox 180 1832 293 1916; x_wconf 82' lang='lat' dir='ltr'>aleret,</span> <span class='ocrx_word' id='word_1_89' title='bbox 311 1834 428 1902; x_wconf 93' lang='lat' dir='ltr'>molem</span> <span class='ocrx_word' id='word_1_90' title='bbox 449 1834 637 1922; x_wconf 82' lang='lat' dir='ltr'>indigestam</span> <span class='ocrx_word' id='word_1_91' title='bbox 649 1835 737 1918; x_wconf 93' lang='lat' dir='ltr'>olim,</span> <span class='ocrx_word' id='word_1_92' title='bbox 754 1857 840 1904; x_wconf 92' lang='lat' dir='ltr'>nunc</span> <span class='ocrx_word' id='word_1_93' title='bbox 854 1835 1030 1903; x_wconf 90' lang='lat' dir='ltr'>ordinatam</span> <span class='ocrx_word' id='word_1_94' title='bbox 1041 1834 1256 1924; x_wconf 88' lang='lat' dir='ltr'>pulchritudi-</span> 
     </span>
    </p>
   </div>
   <div class='ocr_carea' id='block_1_2' title="bbox 181 1935 1252 2137">
    <p class='ocr_par' dir='ltr' id='par_1_2' title="bbox 181 1935 1252 2137">
     <span class='ocr_line' id='line_1_13' title="bbox 181 1935 1249 2031; baseline 0.004 -26"><span class='ocrx_word' id='word_1_95' title='bbox 181 1960 255 2009; x_wconf 89' lang='lat' dir='ltr'>nem</span> <span class='ocrx_word' id='word_1_96' title='bbox 269 1940 324 2031; x_wconf 77' lang='lat' dir='ltr'>(l).</span> <span class='ocrx_word' id='word_1_97' title='bbox 349 1940 440 2008; x_wconf 91' lang='lat' dir='ltr'>Meus</span> <span class='ocrx_word' id='word_1_98' title='bbox 454 1953 560 2008; x_wconf 88' lang='lat' dir='ltr'>autem</span> <span class='ocrx_word' id='word_1_99' title='bbox 574 1935 646 2009; x_wconf 87' lang='lat' dir='ltr'>cum</span> <span class='ocrx_word' id='word_1_100' title='bbox 661 1941 821 2011; x_wconf 89' lang='lat' dir='ltr'>incidisset</span> <span class='ocrx_word' id='word_1_101' title='bbox 833 1942 865 2010; x_wconf 91' lang='lat' dir='ltr'>iu</span> <span class='ocrx_word' id='word_1_102' title='bbox 885 1963 1016 2031; x_wconf 89' lang='lat' dir='ltr'>corpora</span> <span class='ocrx_word' id='word_1_103' title='bbox 1028 1942 1100 2031; x_wconf 92' lang='lat' dir='ltr'>plus</span> <span class='ocrx_word' id='word_1_104' title='bbox 1124 1942 1249 2010; x_wconf 91' lang='lat' dir='ltr'>minus-</span> 
     </span>
     <span class='ocr_line' id='line_1_14' title="bbox 181 2047 1252 2137; baseline 0.003 -22"><span class='ocrx_word' id='word_1_105' title='bbox 181 2068 219 2115; x_wconf 84' lang='lat' dir='ltr'>ve</span> <span class='ocrx_word' id='word_1_106' title='bbox 244 2047 379 2115; x_wconf 89' lang='lat' dir='ltr'>terrenis</span> <span class='ocrx_word' id='word_1_107' title='bbox 402 2048 569 2115; x_wconf 87' lang='lat' dir='ltr'>elementis</span> <span class='ocrx_word' id='word_1_108' title='bbox 582 2047 741 2130; x_wconf 87' lang='lat' dir='ltr'>hebetata,</span> <span class='ocrx_word' id='word_1_109' title='bbox 761 2048 814 2117; x_wconf 90' lang='lat' dir='ltr'>hic</span> <span class='ocrx_word' id='word_1_110' title='bbox 838 2049 931 2137; x_wconf 88' lang='lat' dir='ltr'>paulo</span> <span class='ocrx_word' id='word_1_111' title='bbox 946 2049 1046 2137; x_wconf 86' lang='lat' dir='ltr'>viguit</span> <span class='ocrx_word' id='word_1_112' title='bbox 1059 2048 1172 2131; x_wconf 90' lang='lat' dir='ltr'>acrior,</span> <span class='ocrx_word' id='word_1_113' title='bbox 1188 2048 1252 2118; x_wconf 88' lang='lat' dir='ltr'>illic</span> 
     </span>
    </p>
   </div>
   <div class='ocr_carea' id='block_1_3' title="bbox 81 2152 694 2240">
    <p class='ocr_par' dir='ltr' id='par_1_3' title="bbox 81 2152 694 2240">
     <span class='ocr_line' id='line_1_15' title="bbox 81 2152 694 2240; baseline 0.011 -27"><span class='ocrx_word' id='word_1_114' title='bbox 81 2209 84 2213; x_wconf 86' lang='lat'>.</span> <span class='ocrx_word' id='word_1_115' title='bbox 185 2152 274 2220; x_wconf 89' lang='lat' dir='ltr'>tarda</span> <span class='ocrx_word' id='word_1_116' title='bbox 288 2153 384 2240; x_wconf 86' lang='lat' dir='ltr'>jacuit</span> <span class='ocrx_word' id='word_1_117' title='bbox 396 2174 432 2221; x_wconf 90' lang='lat' dir='ltr'>ac</span> <span class='ocrx_word' id='word_1_118' title='bbox 444 2154 530 2220; x_wconf 88' lang='lat' dir='ltr'>velut</span> <span class='ocrx_word' id='word_1_119' title='bbox 541 2154 694 2240; x_wconf 88' lang='lat' dir='ltr'>elanguis.</span> 
     </span>
    </p>
   </div>
   <div class='ocr_carea' id='block_1_4' title="bbox 182 2256 1258 2560">
    <p class='ocr_par' dir='ltr' id='par_1_4' title="bbox 182 2256 1258 2560">
     <span class='ocr_line' id='line_1_16' title="bbox 226 2256 1252 2347; baseline 0.004 -20"><span class='ocrx_word' id='word_1_120' title='bbox 226 2259 356 2327; x_wconf 88' lang='lat' dir='ltr'>Utinam</span> <span class='ocrx_word' id='word_1_121' title='bbox 371 2258 549 2326; x_wconf 82' lang='lat' dir='ltr'>Heraclitus</span> <span class='ocrx_word' id='word_1_122' title='bbox 562 2258 719 2347; x_wconf 89' lang='lat' dir='ltr'>Ephesius</span> <span class='ocrx_word' id='word_1_123' title='bbox 732 2258 817 2327; x_wconf 94' lang='lat' dir='ltr'>idem</span> <span class='ocrx_word' id='word_1_124' title='bbox 838 2260 1010 2327; x_wconf 86' lang='lat' dir='ltr'>tenuisset!</span> <span class='ocrx_word' id='word_1_125' title='bbox 1026 2260 1053 2327; x_wconf 92' lang='lat' dir='ltr'>is</span> <span class='ocrx_word' id='word_1_126' title='bbox 1073 2265 1158 2328; x_wconf 89' lang='lat' dir='ltr'>enim</span> <span class='ocrx_word' id='word_1_127' title='bbox 1171 2256 1252 2331; x_wconf 86' lang='lat' dir='ltr'>adeo</span> 
     </span>
     <span class='ocr_line' id='line_1_17' title="bbox 183 2365 1251 2446; baseline 0.001 -13"><span class='ocrx_word' id='word_1_128' title='bbox 183 2386 248 2433; x_wconf 93' lang='lat' dir='ltr'>non</span> <span class='ocrx_word' id='word_1_129' title='bbox 262 2366 401 2432; x_wconf 90' lang='lat' dir='ltr'>hominis</span> <span class='ocrx_word' id='word_1_130' title='bbox 425 2366 643 2433; x_wconf 80' lang='lat' dir='ltr'>excellentiam</span> <span class='ocrx_word' id='word_1_131' title='bbox 670 2365 886 2446; x_wconf 88' lang='lat' dir='ltr'>confirmabat,</span> <span class='ocrx_word' id='word_1_132' title='bbox 911 2378 945 2431; x_wconf 89' lang='lat' dir='ltr'>ut</span> <span class='ocrx_word' id='word_1_133' title='bbox 961 2366 1122 2433; x_wconf 82' lang='lat' dir='ltr'>terrestria</span> <span class='ocrx_word' id='word_1_134' title='bbox 1145 2368 1251 2434; x_wconf 89' lang='lat' dir='ltr'>omnia</span> 
     </span>
     <span class='ocr_line' id='line_1_18' title="bbox 182 2469 1258 2560; baseline -0.006 -20"><span class='ocrx_word' id='word_1_135' title='bbox 182 2494 272 2560; x_wconf 87' lang='lat' dir='ltr'>aeque</span> <span class='ocrx_word' id='word_1_136' title='bbox 286 2470 509 2540; x_wconf 83' lang='lat' dir='ltr'>irrationabilia</span> <span class='ocrx_word' id='word_1_137' title='bbox 523 2492 593 2539; x_wconf 92' lang='lat' dir='ltr'>esse</span> <span class='ocrx_word' id='word_1_138' title='bbox 606 2470 840 2551; x_wconf 81' lang='lat' dir='ltr'>vociferaretur,</span> <span class='ocrx_word' id='word_1_139' title='bbox 856 2470 1010 2538; x_wconf 88' lang='lat' dir='ltr'>rationem</span> <span class='ocrx_word' id='word_1_140' title='bbox 1024 2469 1110 2539; x_wconf 88' lang='lat' dir='ltr'>Coelo</span> <span class='ocrx_word' id='word_1_141' title='bbox 1132 2474 1186 2539; x_wconf 93' lang='lat' dir='ltr'>uni</span> <span class='ocrx_word' id='word_1_142' title='bbox 1201 2494 1258 2543; x_wconf 85' lang='lat' dir='ltr'>re.</span> 
     </span>
    </p>
   </div>
   <div class='ocr_carea' id='block_1_5' title="bbox 147 2581 1256 4165">
    <p class='ocr_par' dir='ltr' id='par_1_5' title="bbox 183 2581 1256 2888">
     <span class='ocr_line' id='line_1_19' title="bbox 184 2581 1256 2677; baseline 0 -22"><span class='ocrx_word' id='word_1_143' title='bbox 184 2608 314 2655; x_wconf 82' lang='lat' dir='ltr'>servans</span> <span class='ocrx_word' id='word_1_144' title='bbox 335 2581 490 2677; x_wconf 78' lang='grc' dir='ltr'>(οὐρανῷ)</span> <span class='ocrx_word' id='word_1_145' title='bbox 512 2585 556 2651; x_wconf 95' lang='lat' dir='ltr'>illi</span> <span class='ocrx_word' id='word_1_146' title='bbox 579 2586 684 2652; x_wconf 91' lang='lat' dir='ltr'>divino</span> <span class='ocrx_word' id='word_1_147' title='bbox 702 2606 741 2653; x_wconf 86' lang='lat' dir='ltr'>ex</span> <span class='ocrx_word' id='word_1_148' title='bbox 771 2607 835 2674; x_wconf 91' lang='lat' dir='ltr'>quo</span> <span class='ocrx_word' id='word_1_149' title='bbox 861 2586 1193 2671; x_wconf 88' lang='lat' dir='ltr'>ceteraeffloruerunt,</span> <span class='ocrx_word' id='word_1_150' title='bbox 1221 2609 1256 2666; x_wconf 81' lang='lat' dir='ltr'>et</span> 
     </span>
     <span class='ocr_line' id='line_1_20' title="bbox 183 2692 1252 2786; baseline 0.004 -26"><span class='ocrx_word' id='word_1_151' title='bbox 183 2694 321 2761; x_wconf 90' lang='lat' dir='ltr'>hominis</span> <span class='ocrx_word' id='word_1_152' title='bbox 335 2694 438 2786; x_wconf 90' lang='lat' dir='ltr'>anima</span> <span class='ocrx_word' id='word_1_153' title='bbox 462 2692 597 2760; x_wconf 90' lang='lat' dir='ltr'>delibata</span> <span class='ocrx_word' id='word_1_154' title='bbox 619 2702 679 2774; x_wconf 83' lang='lat' dir='ltr'>cst,</span> <span class='ocrx_word' id='word_1_155' title='bbox 704 2692 760 2760; x_wconf 89' lang='lat' dir='ltr'>sed</span> <span class='ocrx_word' id='word_1_156' title='bbox 785 2696 878 2760; x_wconf 91' lang='lat' dir='ltr'>itaut</span> <span class='ocrx_word' id='word_1_157' title='bbox 897 2693 959 2760; x_wconf 90' lang='lat' dir='ltr'>vim</span> <span class='ocrx_word' id='word_1_158' title='bbox 977 2694 1115 2762; x_wconf 85' lang='lat' dir='ltr'>nativam</span> <span class='ocrx_word' id='word_1_159' title='bbox 1129 2694 1252 2766; x_wconf 87' lang='lat' dir='ltr'>intelli-</span> 
     </span>
     <span class='ocr_line' id='line_1_21' title="bbox 183 2798 1062 2888; baseline 0.003 -22"><span class='ocrx_word' id='word_1_160' title='bbox 183 2800 278 2888; x_wconf 84' lang='lat' dir='ltr'>gendi</span> <span class='ocrx_word' id='word_1_161' title='bbox 291 2820 355 2867; x_wconf 91' lang='lat' dir='ltr'>nou</span> <span class='ocrx_word' id='word_1_162' title='bbox 370 2801 529 2878; x_wconf 83' lang='lat' dir='ltr'>retineret,</span> <span class='ocrx_word' id='word_1_163' title='bbox 546 2808 675 2887; x_wconf 87' lang='lat' dir='ltr'>propter</span> <span class='ocrx_word' id='word_1_164' title='bbox 687 2798 1062 2887; x_wconf 86' lang='lat' dir='ltr'>corporisaccessiouem.</span> 
     </span>
    </p>

    <p class='ocr_par' dir='ltr' id='par_1_6' title="bbox 147 2905 1254 3829">
     <span class='ocr_line' id='line_1_22' title="bbox 227 2905 1249 2996; baseline 0.001 -22"><span class='ocrx_word' id='word_1_165' title='bbox 227 2905 1249 2996; x_wconf 65' lang='lat' dir='ltr'>Ionicisltalicisuccesserephilosophi,quoa-amprincepsmatbe</span> 
     </span>
     <span class='ocr_line' id='line_1_23' title="bbox 183 3011 1251 3101; baseline 0.003 -22"><span class='ocrx_word' id='word_1_166' title='bbox 183 3015 315 3082; x_wconf 83' lang='lat' dir='ltr'>malicus</span> <span class='ocrx_word' id='word_1_167' title='bbox 328 3011 671 3100; x_wconf 84' lang='lat' dir='ltr'>Pythagorasuumeros</span> <span class='ocrx_word' id='word_1_168' title='bbox 686 3033 813 3100; x_wconf 80' lang='lat' dir='ltr'>quoquo</span> <span class='ocrx_word' id='word_1_169' title='bbox 824 3013 925 3101; x_wconf 90' lang='lat' dir='ltr'>potuit</span> <span class='ocrx_word' id='word_1_170' title='bbox 939 3013 1082 3100; x_wconf 89' lang='lat' dir='ltr'>ingessit.</span> <span class='ocrx_word' id='word_1_171' title='bbox 1100 3013 1175 3082; x_wconf 90' lang='lat' dir='ltr'>Ideo</span> <span class='ocrx_word' id='word_1_172' title='bbox 1190 3036 1251 3082; x_wconf 91' lang='lat' dir='ltr'>uu-</span> 
     </span>
     <span class='ocr_line' id='line_1_24' title="bbox 183 3120 1250 3206; baseline 0.001 -19"><span class='ocrx_word' id='word_1_173' title='bbox 183 3142 271 3189; x_wconf 90' lang='lat' dir='ltr'>mero</span> <span class='ocrx_word' id='word_1_174' title='bbox 285 3142 343 3186; x_wconf 85' lang='lat' dir='ltr'>acor</span> <span class='ocrx_word' id='word_1_175' title='bbox 366 3131 509 3206; x_wconf 86' lang='lat' dir='ltr'>vegetam</span> <span class='ocrx_word' id='word_1_176' title='bbox 526 3120 756 3205; x_wconf 78' lang='lat' dir='ltr'>vitam,septcm</span> <span class='ocrx_word' id='word_1_177' title='bbox 785 3120 971 3202; x_wconf 88' lang='lat' dir='ltr'>animalem,</span> <span class='ocrx_word' id='word_1_178' title='bbox 989 3128 1054 3186; x_wconf 89' lang='lat' dir='ltr'>octo</span> <span class='ocrx_word' id='word_1_179' title='bbox 1082 3121 1250 3188; x_wconf 78' lang='lat' dir='ltr'>burnaham</span> 
     </span>
     <span class='ocr_line' id='line_1_25' title="bbox 187 3225 1252 3315; baseline 0.001 -22"><span class='ocrx_word' id='word_1_180' title='bbox 187 3226 378 3315; x_wconf 87' lang='lat' dir='ltr'>designabat,</span> <span class='ocrx_word' id='word_1_181' title='bbox 398 3240 428 3292; x_wconf 88' lang='lat' dir='ltr'>et</span> <span class='ocrx_word' id='word_1_182' title='bbox 454 3228 569 3292; x_wconf 85' lang='lat' dir='ltr'>casita</span> <span class='ocrx_word' id='word_1_183' title='bbox 595 3225 776 3292; x_wconf 84' lang='lat' dir='ltr'>secernebat</span> <span class='ocrx_word' id='word_1_184' title='bbox 805 3236 837 3292; x_wconf 89' lang='lat' dir='ltr'>ut</span> <span class='ocrx_word' id='word_1_185' title='bbox 872 3225 1014 3293; x_wconf 86' lang='lat' dir='ltr'>animalis</span> <span class='ocrx_word' id='word_1_186' title='bbox 1039 3226 1102 3292; x_wconf 89' lang='lat' dir='ltr'>vita</span> <span class='ocrx_word' id='word_1_187' title='bbox 1127 3228 1252 3315; x_wconf 92' lang='lat' dir='ltr'>propior</span> 
     </span>
     <span class='ocr_line' id='line_1_26' title="bbox 185 3331 1250 3420; baseline 0 -20"><span class='ocrx_word' id='word_1_188' title='bbox 185 3333 329 3401; x_wconf 88' lang='lat' dir='ltr'>humanae</span> <span class='ocrx_word' id='word_1_189' title='bbox 343 3353 434 3420; x_wconf 92' lang='lat' dir='ltr'>quam</span> <span class='ocrx_word' id='word_1_190' title='bbox 450 3342 568 3418; x_wconf 88' lang='lat' dir='ltr'>vegetae</span> <span class='ocrx_word' id='word_1_191' title='bbox 581 3332 674 3405; x_wconf 83' lang='lat' dir='ltr'>soret.</span> <span class='ocrx_word' id='word_1_192' title='bbox 693 3331 840 3398; x_wconf 78' lang='lat' dir='ltr'>Animam</span> <span class='ocrx_word' id='word_1_193' title='bbox 851 3332 932 3397; x_wconf 90' lang='lat' dir='ltr'>euim</span> <span class='ocrx_word' id='word_1_194' title='bbox 946 3332 1107 3399; x_wconf 88' lang='lat' dir='ltr'>brutorum</span> <span class='ocrx_word' id='word_1_195' title='bbox 1124 3353 1250 3400; x_wconf 73' lang='lat' dir='ltr'>scissum</span> 
     </span>
     <span class='ocr_line' id='line_1_27' title="bbox 147 3435 1253 3524; baseline -0.002 -17"><span class='ocrx_word' id='word_1_196' title='bbox 147 3435 149 3454; x_wconf 68' lang='grc'><em>“</em></span> <span class='ocrx_word' id='word_1_197' title='bbox 185 3452 215 3507; x_wconf 91' lang='lat' dir='ltr'>et</span> <span class='ocrx_word' id='word_1_198' title='bbox 231 3441 309 3506; x_wconf 90' lang='lat' dir='ltr'>iram</span> <span class='ocrx_word' id='word_1_199' title='bbox 321 3440 436 3506; x_wconf 90' lang='lat' dir='ltr'>habere</span> <span class='ocrx_word' id='word_1_200' title='bbox 446 3439 719 3518; x_wconf 87' lang='lat' dir='ltr'>censebat,mente</span> <span class='ocrx_word' id='word_1_201' title='bbox 733 3448 839 3504; x_wconf 88' lang='lat' dir='ltr'>autem</span> <span class='ocrx_word' id='word_1_202' title='bbox 851 3457 969 3519; x_wconf 84' lang='lat' dir='ltr'>carere,</span> <span class='ocrx_word' id='word_1_203' title='bbox 979 3439 1123 3524; x_wconf 88' lang='lat' dir='ltr'>quamvis</span> <span class='ocrx_word' id='word_1_204' title='bbox 1130 3438 1168 3505; x_wconf 90' lang='lat' dir='ltr'>ab</span> <span class='ocrx_word' id='word_1_205' title='bbox 1182 3438 1253 3505; x_wconf 91' lang='lat' dir='ltr'>uni·</span> 
     </span>
     <span class='ocr_line' id='line_1_28' title="bbox 186 3544 1247 3632; baseline -0.002 -18"><span class='ocrx_word' id='word_1_206' title='bbox 186 3546 298 3614; x_wconf 91' lang='lat' dir='ltr'>versali</span> <span class='ocrx_word' id='word_1_207' title='bbox 313 3547 416 3612; x_wconf 91' lang='lat' dir='ltr'>anima</span> <span class='ocrx_word' id='word_1_208' title='bbox 431 3545 578 3632; x_wconf 86' lang='lat' dir='ltr'>procedat</span> <span class='ocrx_word' id='word_1_209' title='bbox 594 3567 602 3625; x_wconf 82' lang='lat'><em>3</em></span> <span class='ocrx_word' id='word_1_210' title='bbox 618 3545 672 3610; x_wconf 93' lang='lat' dir='ltr'>sed</span> <span class='ocrx_word' id='word_1_211' title='bbox 694 3562 796 3611; x_wconf 88' lang='lat' dir='ltr'>crassa</span> <span class='ocrx_word' id='word_1_212' title='bbox 825 3553 857 3610; x_wconf 92' lang='lat' dir='ltr'>et</span> <span class='ocrx_word' id='word_1_213' title='bbox 882 3544 1064 3631; x_wconf 75' lang='lat' dir='ltr'>imperfecta</span> <span class='ocrx_word' id='word_1_214' title='bbox 1077 3545 1247 3613; x_wconf 89' lang='lat' dir='ltr'>admodum</span> 
     </span>
     <span class='ocr_line' id='line_1_29' title="bbox 188 3649 1254 3742; baseline -0.001 -22"><span class='ocrx_word' id='word_1_215' title='bbox 188 3653 342 3742; x_wconf 92' lang='lat' dir='ltr'>pecudum</span> <span class='ocrx_word' id='word_1_216' title='bbox 357 3671 474 3738; x_wconf 88' lang='lat' dir='ltr'>organa</span> <span class='ocrx_word' id='word_1_217' title='bbox 495 3649 660 3718; x_wconf 82' lang='lat' dir='ltr'>effecerant</span> <span class='ocrx_word' id='word_1_218' title='bbox 676 3661 743 3716; x_wconf 91' lang='lat' dir='ltr'>uta</span> <span class='ocrx_word' id='word_1_219' title='bbox 766 3649 871 3717; x_wconf 89' lang='lat' dir='ltr'>nativa</span> <span class='ocrx_word' id='word_1_220' title='bbox 884 3649 1036 3738; x_wconf 87' lang='lat' dir='ltr'>dignitate</span> <span class='ocrx_word' id='word_1_221' title='bbox 1046 3650 1183 3718; x_wconf 86' lang='lat' dir='ltr'>multon</span> <span class='ocrx_word' id='word_1_222' title='bbox 1198 3653 1254 3719; x_wconf 87' lang='lat' dir='ltr'>de-</span> 
     </span>
     <span class='ocr_line' id='line_1_30' title="bbox 190 3760 382 3829; baseline -0.021 0"><span class='ocrx_word' id='word_1_223' title='bbox 190 3760 382 3829; x_wconf 85' lang='lat' dir='ltr'>dellecteret.</span> 
     </span>
    </p>

    <p class='ocr_par' dir='ltr' id='par_1_7' title="bbox 191 3853 1254 4165">
     <span class='ocr_line' id='line_1_31' title="bbox 232 3853 1254 3951; baseline -0.003 -17"><span class='ocrx_word' id='word_1_224' title='bbox 232 3867 307 3934; x_wconf 89' lang='lat' dir='ltr'>Post</span> <span class='ocrx_word' id='word_1_225' title='bbox 319 3865 445 3933; x_wconf 91' lang='lat' dir='ltr'>Italicos</span> <span class='ocrx_word' id='word_1_226' title='bbox 457 3864 623 3931; x_wconf 85' lang='lat' dir='ltr'>alleramne</span> <span class='ocrx_word' id='word_1_227' title='bbox 642 3863 801 3931; x_wconf 81' lang='lat' dir='ltr'>Eleatae?</span> <span class='ocrx_word' id='word_1_228' title='bbox 829 3882 961 3950; x_wconf 89' lang='lat' dir='ltr'>quoram</span> <span class='ocrx_word' id='word_1_229' title='bbox 974 3853 1119 3951; x_wconf 84' lang='lat' dir='ltr'>princeps</span> <span class='ocrx_word' id='word_1_230' title='bbox 1137 3863 1254 3932; x_wconf 87' lang='lat' dir='ltr'>Xeno-</span> 
     </span>
     <span class='ocr_line' id='line_1_32' title="bbox 191 3970 1249 4062; baseline -0.004 -20"><span class='ocrx_word' id='word_1_231' title='bbox 191 3977 307 4062; x_wconf 82' lang='lat' dir='ltr'>phanes</span> <span class='ocrx_word' id='word_1_232' title='bbox 318 3970 534 4058; x_wconf 88' lang='lat' dir='ltr'>Colophonius</span> <span class='ocrx_word' id='word_1_233' title='bbox 548 3971 628 4038; x_wconf 90' lang='lat' dir='ltr'>haud</span> <span class='ocrx_word' id='word_1_234' title='bbox 642 3972 832 4038; x_wconf 81' lang='lat' dir='ltr'>mediocrem</span> <span class='ocrx_word' id='word_1_235' title='bbox 853 3971 1039 4038; x_wconf 88' lang='lat' dir='ltr'>animalibus</span> <span class='ocrx_word' id='word_1_236' title='bbox 1051 3970 1249 4058; x_wconf 89' lang='lat' dir='ltr'>prudentiam</span> 
     </span>
     <span class='ocr_line' id='line_1_33' title="bbox 192 4076 1254 4165; baseline -0.002 -16"><span class='ocrx_word' id='word_1_237' title='bbox 192 4079 399 4159; x_wconf 89' lang='lat' dir='ltr'>condonabat,</span> <span class='ocrx_word' id='word_1_238' title='bbox 427 4089 577 4165; x_wconf 89' lang='lat' dir='ltr'>quantum</span> <span class='ocrx_word' id='word_1_239' title='bbox 610 4076 713 4164; x_wconf 87' lang='lat' dir='ltr'>colligi</span> <span class='ocrx_word' id='word_1_240' title='bbox 743 4077 921 4164; x_wconf 86' lang='lat' dir='ltr'>conjectura</span> <span class='ocrx_word' id='word_1_241' title='bbox 950 4086 1062 4165; x_wconf 89' lang='lat' dir='ltr'>potest.</span> <span class='ocrx_word' id='word_1_242' title='bbox 1091 4076 1254 4165; x_wconf 86' lang='lat' dir='ltr'>Siquidem</span> 
     </span>
    </p>
   </div>
   <div class='ocr_carea' id='block_1_6' title="bbox 191 4185 1256 4282">
    <p class='ocr_par' dir='ltr' id='par_1_8' title="bbox 191 4185 1256 4282">
     <span class='ocr_line' id='line_1_34' title="bbox 191 4185 1256 4282; baseline -0.003 -18"><span class='ocrx_word' id='word_1_243' title='bbox 191 4207 329 4266; x_wconf 90' lang='lat' dir='ltr'>mentem</span> <span class='ocrx_word' id='word_1_244' title='bbox 363 4191 474 4282; x_wconf 77' lang='grc' dir='ltr'>(νοῦν)</span> <span class='ocrx_word' id='word_1_245' title='bbox 499 4213 534 4261; x_wconf 90' lang='lat' dir='ltr'>ac</span> <span class='ocrx_word' id='word_1_246' title='bbox 553 4212 683 4262; x_wconf 88' lang='lat' dir='ltr'>sensum</span> <span class='ocrx_word' id='word_1_247' title='bbox 697 4185 882 4282; x_wconf 69' lang='lat' dir='ltr'>(ciriacae)</span> <span class='ocrx_word' id='word_1_248' title='bbox 906 4213 966 4261; x_wconf 92' lang='lat' dir='ltr'>uua</span> <span class='ocrx_word' id='word_1_249' title='bbox 987 4194 1181 4263; x_wconf 80' lang='lat' dir='ltr'>confundere</span> <span class='ocrx_word' id='word_1_250' title='bbox 1202 4195 1256 4261; x_wconf 87' lang='lat' dir='ltr'>vi-</span> 
     </span>
    </p>
   </div>
   <div class='ocr_carea' id='block_1_7' title="bbox 0 0 1626 5475">
    <p class='ocr_par' dir='ltr' id='par_1_9' title="bbox 0 0 1626 5475">
     <span class='ocr_line' id='line_1_35' title="bbox 0 0 1626 5475; baseline 0 0"><span class='ocrx_word' id='word_1_251' title='bbox 0 0 1626 5475; x_wconf 95' lang='lat' dir='ltr'> </span> 
     </span>
    </p>
   </div>
  </div>
 </body>
</html>
