<?xml version="1.0" encoding="UTF-8"?>
<!DOCTYPE html PUBLIC "-//W3C//DTD XHTML 1.0 Transitional//EN"
    "http://www.w3.org/TR/xhtml1/DTD/xhtml1-transitional.dtd">
<html xmlns="http://www.w3.org/1999/xhtml" xml:lang="en" lang="en">
 <head>
  <title>
</title>
<meta http-equiv="Content-Type" content="text/html;charset=utf-8" />
  <meta name='ocr-system' content='tesseract 3.04.00' />
  <meta name='ocr-capabilities' content='ocr_page ocr_carea ocr_par ocr_line ocrx_word'/>
</head>
<body>
  <div class='ocr_page' id='page_1' title='image "./deanimabrutorum00brgoog_0078.png"; bbox 0 0 3192 5475; ppageno 0'>
   <div class='ocr_carea' id='block_1_1' title="bbox 778 476 956 543">
    <p class='ocr_par' dir='ltr' id='par_1_1' title="bbox 778 476 956 543">
     <span class='ocr_line' id='line_1_1' title="bbox 778 476 956 543; baseline 0 -16"><span class='ocrx_word' id='word_1_1' title='bbox 778 476 956 543; x_wconf 72' lang='grc'>...78-</span> 
     </span>
    </p>
   </div>
   <div class='ocr_carea' id='block_1_2' title="bbox 324 615 1394 2079">
    <p class='ocr_par' dir='ltr' id='par_1_2' title="bbox 324 615 1394 2079">
     <span class='ocr_line' id='line_1_2' title="bbox 330 615 1394 705; baseline -0.003 -21"><span class='ocrx_word' id='word_1_2' title='bbox 330 628 434 705; x_wconf 90' lang='lat' dir='ltr'>cepto,</span> <span class='ocrx_word' id='word_1_3' title='bbox 449 616 546 685; x_wconf 89' lang='lat' dir='ltr'>libere</span> <span class='ocrx_word' id='word_1_4' title='bbox 560 636 598 685; x_wconf 94' lang='lat' dir='ltr'>eo</span> <span class='ocrx_word' id='word_1_5' title='bbox 609 628 641 685; x_wconf 91' lang='lat' dir='ltr'>et</span> <span class='ocrx_word' id='word_1_6' title='bbox 651 626 761 705; x_wconf 89' lang='lat' dir='ltr'>sponte</span> <span class='ocrx_word' id='word_1_7' title='bbox 775 638 832 687; x_wconf 84' lang='lat' dir='ltr'>suo</span> <span class='ocrx_word' id='word_1_8' title='bbox 842 618 951 686; x_wconf 86' lang='lat' dir='ltr'>utitur.</span> <span class='ocrx_word' id='word_1_9' title='bbox 967 616 1050 686; x_wconf 85' lang='lat' dir='ltr'>Vera</span> <span class='ocrx_word' id='word_1_10' title='bbox 1061 625 1165 685; x_wconf 89' lang='lat' dir='ltr'>autem</span> <span class='ocrx_word' id='word_1_11' title='bbox 1174 615 1394 701; x_wconf 86' lang='lat' dir='ltr'>ratinest,quae</span> 
     </span>
     <span class='ocr_line' id='line_1_3' title="bbox 329 717 1393 811; baseline -0.005 -20"><span class='ocrx_word' id='word_1_12' title='bbox 329 743 401 791; x_wconf 94' lang='lat' dir='ltr'>cum</span> <span class='ocrx_word' id='word_1_13' title='bbox 421 724 612 791; x_wconf 90' lang='lat' dir='ltr'>conscientia</span> <span class='ocrx_word' id='word_1_14' title='bbox 624 734 754 793; x_wconf 89' lang='lat' dir='ltr'>actuset</span> <span class='ocrx_word' id='word_1_15' title='bbox 768 725 945 792; x_wconf 80' lang='lat' dir='ltr'>voluntario</span> <span class='ocrx_word' id='word_1_16' title='bbox 964 734 1052 791; x_wconf 91' lang='lat' dir='ltr'>motu</span> <span class='ocrx_word' id='word_1_17' title='bbox 1066 722 1282 811; x_wconf 85' lang='lat' dir='ltr'>conjungitur.</span> <span class='ocrx_word' id='word_1_18' title='bbox 1301 717 1393 801; x_wconf 88' lang='lat' dir='ltr'>Quod</span> 
     </span>
     <span class='ocr_line' id='line_1_4' title="bbox 328 828 1392 921; baseline -0.003 -24"><span class='ocrx_word' id='word_1_19' title='bbox 328 829 354 897; x_wconf 92' lang='lat' dir='ltr'>si</span> <span class='ocrx_word' id='word_1_20' title='bbox 365 829 569 897; x_wconf 81' lang='lat' dir='ltr'>nihilominus</span> <span class='ocrx_word' id='word_1_21' title='bbox 585 831 741 898; x_wconf 92' lang='lat' dir='ltr'>rationem</span> <span class='ocrx_word' id='word_1_22' title='bbox 753 831 903 899; x_wconf 84' lang='lat' dir='ltr'>adscribis</span> <span class='ocrx_word' id='word_1_23' title='bbox 916 830 1042 921; x_wconf 91' lang='lat' dir='ltr'>pecudi,</span> <span class='ocrx_word' id='word_1_24' title='bbox 1054 830 1132 918; x_wconf 85' lang='lat' dir='ltr'>quia</span> <span class='ocrx_word' id='word_1_25' title='bbox 1156 828 1296 917; x_wconf 90' lang='lat' dir='ltr'>impulsu</span> <span class='ocrx_word' id='word_1_26' title='bbox 1310 846 1392 914; x_wconf 90' lang='lat' dir='ltr'>quo-</span> 
     </span>
     <span class='ocr_line' id='line_1_5' title="bbox 326 933 1392 1026; baseline -0.006 -21"><span class='ocrx_word' id='word_1_27' title='bbox 326 937 399 1005; x_wconf 94' lang='lat' dir='ltr'>dam</span> <span class='ocrx_word' id='word_1_28' title='bbox 409 935 551 1023; x_wconf 81' lang='lat' dir='ltr'>ingenito</span> <span class='ocrx_word' id='word_1_29' title='bbox 566 946 651 1005; x_wconf 86' lang='lat' dir='ltr'>recte</span> <span class='ocrx_word' id='word_1_30' title='bbox 668 938 804 1025; x_wconf 90' lang='lat' dir='ltr'>plurima</span> <span class='ocrx_word' id='word_1_31' title='bbox 819 948 908 1025; x_wconf 83' lang='lat' dir='ltr'>gerat</span> <span class='ocrx_word' id='word_1_32' title='bbox 920 938 1115 1026; x_wconf 82' lang='lat' dir='ltr'>imprudens,</span> <span class='ocrx_word' id='word_1_33' title='bbox 1129 933 1284 1023; x_wconf 81' lang='lat' dir='ltr'>numquid</span> <span class='ocrx_word' id='word_1_34' title='bbox 1298 942 1330 999; x_wconf 92' lang='lat' dir='ltr'>te</span> <span class='ocrx_word' id='word_1_35' title='bbox 1340 952 1392 999; x_wconf 87' lang='lat' dir='ltr'>re-</span> 
     </span>
     <span class='ocr_line' id='line_1_6' title="bbox 328 1038 1393 1133; baseline -0.002 -25"><span class='ocrx_word' id='word_1_36' title='bbox 328 1042 405 1109; x_wconf 90' lang='lat' dir='ltr'>tabit</span> <span class='ocrx_word' id='word_1_37' title='bbox 416 1042 499 1111; x_wconf 88' lang='lat' dir='ltr'>idern</span> <span class='ocrx_word' id='word_1_38' title='bbox 508 1043 665 1111; x_wconf 83' lang='lat' dir='ltr'>affirmare</span> <span class='ocrx_word' id='word_1_39' title='bbox 677 1044 716 1111; x_wconf 93' lang='lat' dir='ltr'>de</span> <span class='ocrx_word' id='word_1_40' title='bbox 726 1044 890 1133; x_wconf 82' lang='lat' dir='ltr'>stirpibus,</span> <span class='ocrx_word' id='word_1_41' title='bbox 902 1044 934 1111; x_wconf 93' lang='lat' dir='ltr'>in</span> <span class='ocrx_word' id='word_1_42' title='bbox 949 1043 1065 1133; x_wconf 92' lang='lat' dir='ltr'>quibus</span> <span class='ocrx_word' id='word_1_43' title='bbox 1078 1043 1184 1111; x_wconf 92' lang='lat' dir='ltr'>omnia</span> <span class='ocrx_word' id='word_1_44' title='bbox 1191 1050 1278 1109; x_wconf 89' lang='lat' dir='ltr'>certo</span> <span class='ocrx_word' id='word_1_45' title='bbox 1284 1038 1393 1107; x_wconf 90' lang='lat' dir='ltr'>ordine</span> 
     </span>
     <span class='ocr_line' id='line_1_7' title="bbox 328 1145 1394 1238; baseline -0.005 -22"><span class='ocrx_word' id='word_1_46' title='bbox 328 1159 360 1216; x_wconf 89' lang='lat' dir='ltr'>et</span> <span class='ocrx_word' id='word_1_47' title='bbox 375 1149 614 1237; x_wconf 75' lang='lat' dir='ltr'>opportunitate</span> <span class='ocrx_word' id='word_1_48' title='bbox 628 1151 752 1219; x_wconf 88' lang='lat' dir='ltr'>salutari</span> <span class='ocrx_word' id='word_1_49' title='bbox 766 1152 876 1217; x_wconf 79' lang='lat' dir='ltr'>stunt?</span> <span class='ocrx_word' id='word_1_50' title='bbox 902 1150 965 1218; x_wconf 85' lang='lat' dir='ltr'>Sed</span> <span class='ocrx_word' id='word_1_51' title='bbox 983 1152 1042 1217; x_wconf 91' lang='lat' dir='ltr'>hoc</span> <span class='ocrx_word' id='word_1_52' title='bbox 1056 1147 1194 1238; x_wconf 86' lang='lat' dir='ltr'>portenti</span> <span class='ocrx_word' id='word_1_53' title='bbox 1218 1145 1350 1235; x_wconf 81' lang='lat' dir='ltr'>refugis,</span> <span class='ocrx_word' id='word_1_54' title='bbox 1364 1153 1394 1211; x_wconf 92' lang='lat' dir='ltr'>et</span> 
     </span>
     <span class='ocr_line' id='line_1_8' title="bbox 328 1251 1391 1345; baseline -0.006 -23"><span class='ocrx_word' id='word_1_55' title='bbox 328 1256 427 1323; x_wconf 88' lang='lat' dir='ltr'>mavis</span> <span class='ocrx_word' id='word_1_56' title='bbox 440 1255 496 1344; x_wconf 82' lang='lat' dir='ltr'>(ex</span> <span class='ocrx_word' id='word_1_57' title='bbox 509 1276 573 1344; x_wconf 93' lang='lat' dir='ltr'>quo</span> <span class='ocrx_word' id='word_1_58' title='bbox 596 1266 687 1345; x_wconf 90' lang='lat' dir='ltr'>putas</span> <span class='ocrx_word' id='word_1_59' title='bbox 706 1266 791 1323; x_wconf 86' lang='lat' dir='ltr'>tuam</span> <span class='ocrx_word' id='word_1_60' title='bbox 817 1258 856 1325; x_wconf 91' lang='lat' dir='ltr'>dc</span> <span class='ocrx_word' id='word_1_61' title='bbox 884 1256 987 1323; x_wconf 88' lang='lat' dir='ltr'>brutis</span> <span class='ocrx_word' id='word_1_62' title='bbox 1009 1255 1207 1343; x_wconf 79' lang='lat' dir='ltr'>disciplinam</span> <span class='ocrx_word' id='word_1_63' title='bbox 1222 1251 1391 1344; x_wconf 91' lang='lat' dir='ltr'>plurimum</span> 
     </span>
     <span class='ocr_line' id='line_1_9' title="bbox 328 1356 1393 1451; baseline -0.005 -24"><span class='ocrx_word' id='word_1_64' title='bbox 328 1360 499 1451; x_wconf 82' lang='lat' dir='ltr'>adjuvari),</span> <span class='ocrx_word' id='word_1_65' title='bbox 530 1362 721 1429; x_wconf 90' lang='lat' dir='ltr'>sententiam</span> <span class='ocrx_word' id='word_1_66' title='bbox 743 1382 990 1430; x_wconf 90' lang='lat' dir='ltr'>commemorare</span> <span class='ocrx_word' id='word_1_67' title='bbox 1004 1362 1273 1449; x_wconf 81' lang='lat' dir='ltr'>Pythagoreorum</span> <span class='ocrx_word' id='word_1_68' title='bbox 1283 1356 1393 1424; x_wconf 90' lang='lat' dir='ltr'>deani-</span> 
     </span>
     <span class='ocr_line' id='line_1_10' title="bbox 328 1462 1393 1551; baseline -0.003 -19"><span class='ocrx_word' id='word_1_69' title='bbox 328 1466 388 1535; x_wconf 89' lang='lat' dir='ltr'>mis</span> <span class='ocrx_word' id='word_1_70' title='bbox 402 1467 435 1533; x_wconf 92' lang='lat' dir='ltr'>in</span> <span class='ocrx_word' id='word_1_71' title='bbox 465 1468 564 1537; x_wconf 89' lang='lat' dir='ltr'>varias</span> <span class='ocrx_word' id='word_1_72' title='bbox 587 1469 724 1537; x_wconf 83' lang='lat' dir='ltr'>vicissim</span> <span class='ocrx_word' id='word_1_73' title='bbox 741 1470 859 1537; x_wconf 90' lang='lat' dir='ltr'>sormas</span> <span class='ocrx_word' id='word_1_74' title='bbox 875 1468 1121 1537; x_wconf 84' lang='lat' dir='ltr'>transcuntibus.</span> <span class='ocrx_word' id='word_1_75' title='bbox 1145 1466 1233 1537; x_wconf 87' lang='lat' dir='ltr'>Esto.</span> <span class='ocrx_word' id='word_1_76' title='bbox 1257 1462 1393 1551; x_wconf 84' lang='lat' dir='ltr'>Adjicias</span> 
     </span>
     <span class='ocr_line' id='line_1_11' title="bbox 327 1572 1389 1663; baseline -0.003 -24"><span class='ocrx_word' id='word_1_77' title='bbox 327 1573 431 1655; x_wconf 90' lang='lat' dir='ltr'>etiam,</span> <span class='ocrx_word' id='word_1_78' title='bbox 449 1574 504 1641; x_wconf 92' lang='lat' dir='ltr'>tibi</span> <span class='ocrx_word' id='word_1_79' title='bbox 522 1596 578 1663; x_wconf 91' lang='lat' dir='ltr'>per</span> <span class='ocrx_word' id='word_1_80' title='bbox 594 1597 645 1643; x_wconf 93' lang='lat' dir='ltr'>me</span> <span class='ocrx_word' id='word_1_81' title='bbox 656 1575 741 1656; x_wconf 90' lang='lat' dir='ltr'>licet,</span> <span class='ocrx_word' id='word_1_82' title='bbox 765 1575 903 1643; x_wconf 88' lang='lat' dir='ltr'>Socratis</span> <span class='ocrx_word' id='word_1_83' title='bbox 917 1595 986 1642; x_wconf 86' lang='lat' dir='ltr'>eam</span> <span class='ocrx_word' id='word_1_84' title='bbox 1000 1594 1110 1642; x_wconf 87' lang='lat' dir='ltr'>vocem</span> <span class='ocrx_word' id='word_1_85' title='bbox 1131 1572 1235 1641; x_wconf 88' lang='lat' dir='ltr'>olores</span> <span class='ocrx_word' id='word_1_86' title='bbox 1257 1589 1389 1639; x_wconf 90' lang='lat' dir='ltr'>conser-</span> 
     </span>
     <span class='ocr_line' id='line_1_12' title="bbox 327 1677 1394 1771; baseline -0.004 -26"><span class='ocrx_word' id='word_1_87' title='bbox 327 1699 383 1749; x_wconf 88' lang='lat' dir='ltr'>vos</span> <span class='ocrx_word' id='word_1_88' title='bbox 395 1700 470 1747; x_wconf 91' lang='lat' dir='ltr'>suos</span> <span class='ocrx_word' id='word_1_89' title='bbox 481 1682 678 1771; x_wconf 89' lang='lat' dir='ltr'>appellantis.</span> <span class='ocrx_word' id='word_1_90' title='bbox 694 1680 878 1750; x_wconf 87' lang='lat' dir='ltr'>Doctrinam</span> <span class='ocrx_word' id='word_1_91' title='bbox 890 1682 1004 1749; x_wconf 88' lang='lat' dir='ltr'>horum</span> <span class='ocrx_word' id='word_1_92' title='bbox 1023 1700 1172 1771; x_wconf 76' lang='lat' dir='ltr'>agnosco,</span> <span class='ocrx_word' id='word_1_93' title='bbox 1185 1678 1240 1766; x_wconf 85' lang='lat' dir='ltr'>qui</span> <span class='ocrx_word' id='word_1_94' title='bbox 1258 1677 1394 1745; x_wconf 90' lang='lat' dir='ltr'>credunt</span> 
     </span>
     <span class='ocr_line' id='line_1_13' title="bbox 327 1781 1393 1875; baseline -0.007 -22"><span class='ocrx_word' id='word_1_95' title='bbox 327 1805 438 1865; x_wconf 88' lang='lat' dir='ltr'>ornnes</span> <span class='ocrx_word' id='word_1_96' title='bbox 453 1787 575 1855; x_wconf 87' lang='lat' dir='ltr'>animas</span> <span class='ocrx_word' id='word_1_97' title='bbox 588 1790 626 1857; x_wconf 89' lang='lat' dir='ltr'>ab</span> <span class='ocrx_word' id='word_1_98' title='bbox 643 1808 708 1855; x_wconf 91' lang='lat' dir='ltr'>uno</span> <span class='ocrx_word' id='word_1_99' title='bbox 721 1790 808 1855; x_wconf 91' lang='lat' dir='ltr'>l&#39;ontc</span> <span class='ocrx_word' id='word_1_100' title='bbox 820 1787 965 1868; x_wconf 88' lang='lat' dir='ltr'>derivari,</span> <span class='ocrx_word' id='word_1_101' title='bbox 979 1788 1063 1875; x_wconf 90' lang='lat' dir='ltr'>quod</span> <span class='ocrx_word' id='word_1_102' title='bbox 1075 1786 1203 1875; x_wconf 86' lang='lat' dir='ltr'>quidem</span> <span class='ocrx_word' id='word_1_103' title='bbox 1222 1781 1393 1871; x_wconf 83' lang='lat' dir='ltr'>speciosius</span> 
     </span>
     <span class='ocr_line' id='line_1_14' title="bbox 326 1889 1390 1982; baseline -0.005 -23"><span class='ocrx_word' id='word_1_104' title='bbox 326 1911 421 1981; x_wconf 91' lang='lat' dir='ltr'>quam</span> <span class='ocrx_word' id='word_1_105' title='bbox 435 1894 550 1963; x_wconf 85' lang='lat' dir='ltr'>verius.</span> <span class='ocrx_word' id='word_1_106' title='bbox 566 1895 685 1963; x_wconf 90' lang='lat' dir='ltr'>Tamen</span> <span class='ocrx_word' id='word_1_107' title='bbox 701 1893 862 1963; x_wconf 90' lang='lat' dir='ltr'>nonnullis</span> <span class='ocrx_word' id='word_1_108' title='bbox 889 1892 1049 1982; x_wconf 89' lang='lat' dir='ltr'>probabile</span> <span class='ocrx_word' id='word_1_109' title='bbox 1067 1892 1199 1961; x_wconf 81' lang='lat' dir='ltr'>forsitan</span> <span class='ocrx_word' id='word_1_110' title='bbox 1225 1889 1390 1966; x_wconf 85' lang='lat' dir='ltr'>videbitur;</span> 
     </span>
     <span class='ocr_line' id='line_1_15' title="bbox 324 1994 1368 2079; baseline -0.004 -15"><span class='ocrx_word' id='word_1_111' title='bbox 324 2008 378 2069; x_wconf 90' lang='lat' dir='ltr'>tua</span> <span class='ocrx_word' id='word_1_112' title='bbox 393 2019 468 2069; x_wconf 87' lang='lat' dir='ltr'>vero</span> <span class='ocrx_word' id='word_1_113' title='bbox 494 2000 534 2069; x_wconf 91' lang='lat' dir='ltr'>de</span> <span class='ocrx_word' id='word_1_114' title='bbox 548 2001 713 2069; x_wconf 88' lang='lat' dir='ltr'>brutorum</span> <span class='ocrx_word' id='word_1_115' title='bbox 725 2000 846 2069; x_wconf 90' lang='lat' dir='ltr'>ratione</span> <span class='ocrx_word' id='word_1_116' title='bbox 858 2009 890 2068; x_wconf 91' lang='lat' dir='ltr'>ct</span> <span class='ocrx_word' id='word_1_117' title='bbox 912 1999 1054 2069; x_wconf 87' lang='lat' dir='ltr'>oratione</span> <span class='ocrx_word' id='word_1_118' title='bbox 1067 2007 1259 2079; x_wconf 86' lang='lat' dir='ltr'>commenta,</span> <span class='ocrx_word' id='word_1_119' title='bbox 1276 1994 1368 2063; x_wconf 88' lang='lat' dir='ltr'>nulli.</span> 
     </span>
    </p>
   </div>
   <div class='ocr_carea' id='block_1_3' title="bbox 641 2248 1083 2299">
    <p class='ocr_par' dir='ltr' id='par_1_3' title="bbox 641 2248 1083 2299">
     <span class='ocr_line' id='line_1_16' title="bbox 641 2248 1083 2299; baseline 0.005 -2"><span class='ocrx_word' id='word_1_120' title='bbox 641 2253 683 2297; x_wconf 80' lang='lat' dir='ltr'>DE</span> <span class='ocrx_word' id='word_1_121' title='bbox 705 2248 911 2297; x_wconf 72' lang='lat' dir='ltr'>aasttttttttrta</span> <span class='ocrx_word' id='word_1_122' title='bbox 934 2252 1083 2299; x_wconf 75' lang='lat' dir='ltr'>Gsslllllldl.</span> 
     </span>
    </p>
   </div>
   <div class='ocr_carea' id='block_1_4' title="bbox 326 2461 1391 2764">
    <p class='ocr_par' dir='ltr' id='par_1_4' title="bbox 326 2461 1391 2764">
     <span class='ocr_line' id='line_1_17' title="bbox 374 2461 1391 2552; baseline -0.005 -21"><span class='ocrx_word' id='word_1_123' title='bbox 374 2463 565 2551; x_wconf 86' lang='lat' dir='ltr'>Quanquam</span> <span class='ocrx_word' id='word_1_124' title='bbox 581 2484 679 2530; x_wconf 90' lang='lat' dir='ltr'>unum</span> <span class='ocrx_word' id='word_1_125' title='bbox 694 2462 869 2552; x_wconf 84' lang='lat' dir='ltr'>Porphyrio</span> <span class='ocrx_word' id='word_1_126' title='bbox 882 2465 1073 2552; x_wconf 83' lang='lat' dir='ltr'>gratulatum</span> <span class='ocrx_word' id='word_1_127' title='bbox 1096 2462 1203 2542; x_wconf 88' lang='lat' dir='ltr'>velim,</span> <span class='ocrx_word' id='word_1_128' title='bbox 1228 2462 1315 2551; x_wconf 91' lang='lat' dir='ltr'>quod</span> <span class='ocrx_word' id='word_1_129' title='bbox 1334 2461 1391 2528; x_wconf 90' lang='lat' dir='ltr'>sibi</span> 
     </span>
     <span class='ocr_line' id='line_1_18' title="bbox 327 2567 1388 2658; baseline -0.006 -19"><span class='ocrx_word' id='word_1_130' title='bbox 327 2569 474 2639; x_wconf 88' lang='lat' dir='ltr'>convenit</span> <span class='ocrx_word' id='word_1_131' title='bbox 489 2578 608 2657; x_wconf 90' lang='lat' dir='ltr'>apte,et</span> <span class='ocrx_word' id='word_1_132' title='bbox 622 2592 693 2656; x_wconf 79' lang='lat' dir='ltr'>qum</span> <span class='ocrx_word' id='word_1_133' title='bbox 705 2580 883 2658; x_wconf 88' lang='lat' dir='ltr'>sequuntur</span> <span class='ocrx_word' id='word_1_134' title='bbox 892 2591 931 2637; x_wconf 86' lang='lat' dir='ltr'>ex</span> <span class='ocrx_word' id='word_1_135' title='bbox 944 2571 1095 2639; x_wconf 89' lang='lat' dir='ltr'>institutis</span> <span class='ocrx_word' id='word_1_136' title='bbox 1109 2569 1240 2638; x_wconf 90' lang='lat' dir='ltr'>suisrite</span> <span class='ocrx_word' id='word_1_137' title='bbox 1254 2567 1388 2636; x_wconf 87' lang='lat' dir='ltr'>deducit.</span> 
     </span>
     <span class='ocr_line' id='line_1_19' title="bbox 326 2674 1386 2764; baseline -0.005 -19"><span class='ocrx_word' id='word_1_138' title='bbox 326 2676 411 2745; x_wconf 84' lang='lat' dir='ltr'>Talis</span> <span class='ocrx_word' id='word_1_139' title='bbox 435 2685 484 2743; x_wconf 91' lang='lat' dir='ltr'>est</span> <span class='ocrx_word' id='word_1_140' title='bbox 509 2694 604 2763; x_wconf 83' lang='lat' dir='ltr'>quam</span> <span class='ocrx_word' id='word_1_141' title='bbox 630 2676 669 2744; x_wconf 90' lang='lat' dir='ltr'>de</span> <span class='ocrx_word' id='word_1_142' title='bbox 689 2676 880 2745; x_wconf 85' lang='lat' dir='ltr'>abstinentia</span> <span class='ocrx_word' id='word_1_143' title='bbox 895 2678 1037 2746; x_wconf 89' lang='lat' dir='ltr'>carnium</span> <span class='ocrx_word' id='word_1_144' title='bbox 1057 2676 1211 2744; x_wconf 89' lang='lat' dir='ltr'>rationem</span> <span class='ocrx_word' id='word_1_145' title='bbox 1227 2674 1386 2764; x_wconf 82' lang='lat' dir='ltr'>explicuit.</span> 
     </span>
    </p>
   </div>
   <div class='ocr_carea' id='block_1_5' title="bbox 325 2769 1394 3188">
    <p class='ocr_par' dir='ltr' id='par_1_5' title="bbox 325 2769 1394 3188">
     <span class='ocr_line' id='line_1_20' title="bbox 325 2769 1393 2870; baseline -0.004 -19"><span class='ocrx_word' id='word_1_146' title='bbox 325 2769 497 2868; x_wconf 85' lang='lat' dir='ltr'>Postquam</span> <span class='ocrx_word' id='word_1_147' title='bbox 520 2783 607 2850; x_wconf 90' lang='lat' dir='ltr'>enim</span> <span class='ocrx_word' id='word_1_148' title='bbox 622 2782 791 2870; x_wconf 84' lang='lat' dir='ltr'>disputavit</span> <span class='ocrx_word' id='word_1_149' title='bbox 807 2784 945 2851; x_wconf 89' lang='lat' dir='ltr'>hominis</span> <span class='ocrx_word' id='word_1_150' title='bbox 962 2797 994 2851; x_wconf 94' lang='lat' dir='ltr'>et</span> <span class='ocrx_word' id='word_1_151' title='bbox 1016 2783 1126 2852; x_wconf 80' lang='lat' dir='ltr'>bestiae</span> <span class='ocrx_word' id='word_1_152' title='bbox 1154 2782 1279 2848; x_wconf 87' lang='lat' dir='ltr'>animas</span> <span class='ocrx_word' id='word_1_153' title='bbox 1291 2781 1393 2848; x_wconf 88' lang='lat' dir='ltr'>eonsi-</span> 
     </span>
     <span class='ocr_line' id='line_1_21' title="bbox 325 2885 1393 2976; baseline -0.005 -20"><span class='ocrx_word' id='word_1_154' title='bbox 325 2889 417 2956; x_wconf 91' lang='lat' dir='ltr'>miles</span> <span class='ocrx_word' id='word_1_155' title='bbox 432 2908 501 2956; x_wconf 88' lang='lat' dir='ltr'>esse</span> <span class='ocrx_word' id='word_1_156' title='bbox 516 2887 703 2966; x_wconf 88' lang='lat' dir='ltr'>substantia,</span> <span class='ocrx_word' id='word_1_157' title='bbox 733 2888 864 2956; x_wconf 90' lang='lat' dir='ltr'>minime</span> <span class='ocrx_word' id='word_1_158' title='bbox 893 2898 1049 2976; x_wconf 82' lang='lat' dir='ltr'>repugnat</span> <span class='ocrx_word' id='word_1_159' title='bbox 1076 2898 1111 2955; x_wconf 93' lang='lat' dir='ltr'>ut</span> <span class='ocrx_word' id='word_1_160' title='bbox 1138 2887 1281 2976; x_wconf 89' lang='lat' dir='ltr'>pecudes</span> <span class='ocrx_word' id='word_1_161' title='bbox 1307 2885 1393 2954; x_wconf 90' lang='lat' dir='ltr'>nobis</span> 
     </span>
     <span class='ocr_line' id='line_1_22' title="bbox 325 2992 1393 3080; baseline -0.002 -20"><span class='ocrx_word' id='word_1_162' title='bbox 325 2995 434 3061; x_wconf 86' lang='lat' dir='ltr'>affines</span> <span class='ocrx_word' id='word_1_163' title='bbox 446 2994 615 3061; x_wconf 80' lang='lat' dir='ltr'>existimet.</span> <span class='ocrx_word' id='word_1_164' title='bbox 636 2994 847 3080; x_wconf 87' lang='lat' dir='ltr'>Theophrasti</span> <span class='ocrx_word' id='word_1_165' title='bbox 860 2995 1005 3063; x_wconf 92' lang='lat' dir='ltr'>meminit</span> <span class='ocrx_word' id='word_1_166' title='bbox 1020 2995 1167 3064; x_wconf 81' lang='lat' dir='ltr'>Graecum</span> <span class='ocrx_word' id='word_1_167' title='bbox 1180 2994 1307 3073; x_wconf 72' lang='lat' dir='ltr'>Grseco,</span> <span class='ocrx_word' id='word_1_168' title='bbox 1321 2992 1393 3059; x_wconf 90' lang='lat' dir='ltr'>Bar-</span> 
     </span>
     <span class='ocr_line' id='line_1_23' title="bbox 326 3098 1394 3188; baseline -0.003 -21"><span class='ocrx_word' id='word_1_169' title='bbox 326 3100 440 3167; x_wconf 89' lang='lat' dir='ltr'>barum</span> <span class='ocrx_word' id='word_1_170' title='bbox 456 3098 593 3166; x_wconf 79' lang='lat' dir='ltr'>barbaro</span> <span class='ocrx_word' id='word_1_171' title='bbox 604 3109 776 3185; x_wconf 79' lang='lat' dir='ltr'>cognatum</span> <span class='ocrx_word' id='word_1_172' title='bbox 803 3121 872 3168; x_wconf 88' lang='lat' dir='ltr'>esse</span> <span class='ocrx_word' id='word_1_173' title='bbox 898 3101 1118 3181; x_wconf 85' lang='lat' dir='ltr'>asseverantis,</span> <span class='ocrx_word' id='word_1_174' title='bbox 1134 3111 1302 3188; x_wconf 89' lang='lat' dir='ltr'>propterea</span> <span class='ocrx_word' id='word_1_175' title='bbox 1314 3098 1394 3186; x_wconf 87' lang='lat' dir='ltr'>quod</span> 
     </span>
    </p>
   </div>
   <div class='ocr_carea' id='block_1_6' title="bbox 316 3205 1398 4246">
    <p class='ocr_par' dir='ltr' id='par_1_6' title="bbox 316 3205 1398 4246">
     <span class='ocr_line' id='line_1_24' title="bbox 326 3205 1395 3294; baseline -0.003 -22"><span class='ocrx_word' id='word_1_176' title='bbox 326 3205 452 3294; x_wconf 85' lang='lat' dir='ltr'>generis</span> <span class='ocrx_word' id='word_1_177' title='bbox 463 3205 598 3272; x_wconf 89' lang='lat' dir='ltr'>autvitae</span> <span class='ocrx_word' id='word_1_178' title='bbox 610 3205 830 3272; x_wconf 88' lang='lat' dir='ltr'>institutorum</span> <span class='ocrx_word' id='word_1_179' title='bbox 844 3208 1070 3274; x_wconf 89' lang='lat' dir='ltr'>communitate</span> <span class='ocrx_word' id='word_1_180' title='bbox 1091 3207 1254 3293; x_wconf 80' lang='lat' dir='ltr'>conjuncti</span> <span class='ocrx_word' id='word_1_181' title='bbox 1273 3205 1347 3284; x_wconf 82' lang='lat' dir='ltr'>sint,</span> <span class='ocrx_word' id='word_1_182' title='bbox 1363 3212 1395 3270; x_wconf 89' lang='lat' dir='ltr'>et</span> 
     </span>
     <span class='ocr_line' id='line_1_25' title="bbox 326 3301 1391 3399; baseline -0.006 -20"><span class='ocrx_word' id='word_1_183' title='bbox 326 3310 412 3379; x_wconf 90' lang='lat' dir='ltr'>idem</span> <span class='ocrx_word' id='word_1_184' title='bbox 436 3312 503 3399; x_wconf 90' lang='lat' dir='ltr'>ipse</span> <span class='ocrx_word' id='word_1_185' title='bbox 533 3311 573 3379; x_wconf 89' lang='lat' dir='ltr'>de</span> <span class='ocrx_word' id='word_1_186' title='bbox 595 3312 719 3380; x_wconf 92' lang='lat' dir='ltr'>cunctis</span> <span class='ocrx_word' id='word_1_187' title='bbox 732 3312 931 3394; x_wconf 89' lang='lat' dir='ltr'>animalibus,</span> <span class='ocrx_word' id='word_1_188' title='bbox 955 3301 1084 3380; x_wconf 92' lang='lat' dir='ltr'>liomine</span> <span class='ocrx_word' id='word_1_189' title='bbox 1097 3313 1232 3379; x_wconf 85' lang='lat' dir='ltr'>brutovc</span> <span class='ocrx_word' id='word_1_190' title='bbox 1246 3311 1391 3385; x_wconf 84' lang='lat' dir='ltr'>declarat,</span> 
     </span>
     <span class='ocr_line' id='line_1_26' title="bbox 325 3416 1392 3505; baseline -0.004 -21"><span class='ocrx_word' id='word_1_191' title='bbox 325 3416 407 3484; x_wconf 89' lang='lat' dir='ltr'>adeo</span> <span class='ocrx_word' id='word_1_192' title='bbox 423 3417 558 3484; x_wconf 89' lang='lat' dir='ltr'>similem</span> <span class='ocrx_word' id='word_1_193' title='bbox 573 3419 687 3486; x_wconf 90' lang='lat' dir='ltr'>borum</span> <span class='ocrx_word' id='word_1_194' title='bbox 711 3416 856 3483; x_wconf 90' lang='lat' dir='ltr'>omnium</span> <span class='ocrx_word' id='word_1_195' title='bbox 871 3419 1055 3505; x_wconf 93' lang='lat' dir='ltr'>corporibus</span> <span class='ocrx_word' id='word_1_196' title='bbox 1068 3431 1100 3486; x_wconf 93' lang='lat' dir='ltr'>et</span> <span class='ocrx_word' id='word_1_197' title='bbox 1113 3417 1228 3485; x_wconf 89' lang='lat' dir='ltr'>animis</span> <span class='ocrx_word' id='word_1_198' title='bbox 1240 3416 1392 3503; x_wconf 79' lang='lat' dir='ltr'>originem</span> 
     </span>
     <span class='ocr_line' id='line_1_27' title="bbox 325 3521 1395 3610; baseline -0.005 -20"><span class='ocrx_word' id='word_1_199' title='bbox 325 3523 448 3591; x_wconf 88' lang='lat' dir='ltr'>asserit.</span> <span class='ocrx_word' id='word_1_200' title='bbox 467 3523 542 3590; x_wconf 89' lang='lat' dir='ltr'>ldeo</span> <span class='ocrx_word' id='word_1_201' title='bbox 555 3524 579 3590; x_wconf 96' lang='lat' dir='ltr'>si</span> <span class='ocrx_word' id='word_1_202' title='bbox 594 3521 780 3590; x_wconf 88' lang='lat' dir='ltr'>mactaveris</span> <span class='ocrx_word' id='word_1_203' title='bbox 792 3524 1053 3610; x_wconf 81' lang='lat' dir='ltr'>consanguineos,</span> <span class='ocrx_word' id='word_1_204' title='bbox 1070 3543 1133 3610; x_wconf 87' lang='lat' dir='ltr'>quo</span> <span class='ocrx_word' id='word_1_205' title='bbox 1149 3522 1279 3590; x_wconf 91' lang='lat' dir='ltr'>nomine</span> <span class='ocrx_word' id='word_1_206' title='bbox 1290 3523 1395 3589; x_wconf 90' lang='lat' dir='ltr'>dicen-</span> 
     </span>
     <span class='ocr_line' id='line_1_28' title="bbox 327 3627 1394 3716; baseline -0.005 -20"><span class='ocrx_word' id='word_1_207' title='bbox 327 3628 388 3696; x_wconf 90' lang='lat' dir='ltr'>dus</span> <span class='ocrx_word' id='word_1_208' title='bbox 403 3629 492 3696; x_wconf 85' lang='lat' dir='ltr'>eris‘?</span> <span class='ocrx_word' id='word_1_209' title='bbox 507 3649 613 3696; x_wconf 88' lang='lat' dir='ltr'>nonne</span> <span class='ocrx_word' id='word_1_210' title='bbox 627 3629 687 3695; x_wconf 88' lang='lat' dir='ltr'>ista</span> <span class='ocrx_word' id='word_1_211' title='bbox 701 3647 789 3695; x_wconf 88' lang='lat' dir='ltr'>mera</span> <span class='ocrx_word' id='word_1_212' title='bbox 811 3627 954 3714; x_wconf 86' lang='lat' dir='ltr'>impietas</span> <span class='ocrx_word' id='word_1_213' title='bbox 966 3630 1109 3695; x_wconf 85' lang='lat' dir='ltr'>erit‘l—</span> <span class='ocrx_word' id='word_1_214' title='bbox 1123 3629 1183 3696; x_wconf 89' lang='lat' dir='ltr'>Hic</span> <span class='ocrx_word' id='word_1_215' title='bbox 1196 3649 1272 3695; x_wconf 88' lang='lat' dir='ltr'>vero</span> <span class='ocrx_word' id='word_1_216' title='bbox 1284 3636 1394 3716; x_wconf 84' lang='lat' dir='ltr'>praesto</span> 
     </span>
     <span class='ocr_line' id='line_1_29' title="bbox 326 3731 1394 3821; baseline -0.005 -19"><span class='ocrx_word' id='word_1_217' title='bbox 326 3744 377 3802; x_wconf 89' lang='lat' dir='ltr'>est</span> <span class='ocrx_word' id='word_1_218' title='bbox 390 3733 594 3821; x_wconf 80' lang='lat' dir='ltr'>Chrysippus,</span> <span class='ocrx_word' id='word_1_219' title='bbox 611 3733 665 3821; x_wconf 86' lang='lat' dir='ltr'>qui</span> <span class='ocrx_word' id='word_1_220' title='bbox 679 3733 801 3800; x_wconf 90' lang='lat' dir='ltr'>crimen</span> <span class='ocrx_word' id='word_1_221' title='bbox 815 3733 892 3799; x_wconf 94' lang='lat' dir='ltr'>illud</span> <span class='ocrx_word' id='word_1_222' title='bbox 910 3733 1079 3821; x_wconf 77' lang='lat' dir='ltr'>impictatis</span> <span class='ocrx_word' id='word_1_223' title='bbox 1100 3735 1281 3815; x_wconf 88' lang='lat' dir='ltr'>amoliatur,</span> <span class='ocrx_word' id='word_1_224' title='bbox 1297 3743 1329 3800; x_wconf 91' lang='lat' dir='ltr'>et</span> <span class='ocrx_word' id='word_1_225' title='bbox 1355 3731 1394 3798; x_wconf 89' lang='lat' dir='ltr'>ad</span> 
     </span>
     <span class='ocr_line' id='line_1_30' title="bbox 316 3839 1396 3928; baseline -0.004 -21"><span class='ocrx_word' id='word_1_226' title='bbox 316 3841 428 3928; x_wconf 83' lang='lat' dir='ltr'>ipsam</span> <span class='ocrx_word' id='word_1_227' title='bbox 438 3839 551 3906; x_wconf 88' lang='lat' dir='ltr'>divinae</span> <span class='ocrx_word' id='word_1_228' title='bbox 566 3839 772 3926; x_wconf 89' lang='lat' dir='ltr'>providentiae</span> <span class='ocrx_word' id='word_1_229' title='bbox 787 3839 1014 3925; x_wconf 82' lang='lat' dir='ltr'>benignitatem</span> <span class='ocrx_word' id='word_1_230' title='bbox 1029 3851 1187 3928; x_wconf 83' lang='lat' dir='ltr'>provocet.</span> <span class='ocrx_word' id='word_1_231' title='bbox 1206 3839 1290 3924; x_wconf 77' lang='lat' dir='ltr'>Nam</span> <span class='ocrx_word' id='word_1_232' title='bbox 1308 3839 1396 3906; x_wconf 89' lang='lat' dir='ltr'>Deus</span> 
     </span>
     <span class='ocr_line' id='line_1_31' title="bbox 327 3945 1398 4033; baseline -0.002 -20"><span class='ocrx_word' id='word_1_233' title='bbox 327 3945 469 4013; x_wconf 89' lang='lat' dir='ltr'>hominis</span> <span class='ocrx_word' id='word_1_234' title='bbox 480 3946 578 4032; x_wconf 81' lang='lat' dir='ltr'>gratia</span> <span class='ocrx_word' id='word_1_235' title='bbox 587 3945 733 4032; x_wconf 80' lang='lat' dir='ltr'>generari</span> <span class='ocrx_word' id='word_1_236' title='bbox 744 3945 845 4012; x_wconf 92' lang='lat' dir='ltr'>voluit</span> <span class='ocrx_word' id='word_1_237' title='bbox 857 3955 1015 4031; x_wconf 87' lang='lat' dir='ltr'>quaeterra</span> <span class='ocrx_word' id='word_1_238' title='bbox 1030 3946 1194 4027; x_wconf 88' lang='lat' dir='ltr'>sustineat,</span> <span class='ocrx_word' id='word_1_239' title='bbox 1210 3965 1316 4033; x_wconf 88' lang='lat' dir='ltr'>neque</span> <span class='ocrx_word' id='word_1_240' title='bbox 1325 3963 1398 4033; x_wconf 92' lang='lat' dir='ltr'>pro-</span> 
     </span>
     <span class='ocr_line' id='line_1_32' title="bbox 327 4049 1395 4140; baseline -0.001 -24"><span class='ocrx_word' id='word_1_241' title='bbox 327 4050 413 4118; x_wconf 85' lang='lat' dir='ltr'>lecto</span> <span class='ocrx_word' id='word_1_242' title='bbox 427 4050 552 4136; x_wconf 89' lang='lat' dir='ltr'>impius,</span> <span class='ocrx_word' id='word_1_243' title='bbox 566 4051 620 4137; x_wconf 87' lang='lat' dir='ltr'>qui</span> <span class='ocrx_word' id='word_1_244' title='bbox 634 4050 794 4118; x_wconf 90' lang='lat' dir='ltr'>concessis</span> <span class='ocrx_word' id='word_1_245' title='bbox 810 4050 893 4117; x_wconf 86' lang='lat' dir='ltr'>etad</span> <span class='ocrx_word' id='word_1_246' title='bbox 905 4071 997 4118; x_wconf 89' lang='lat' dir='ltr'>usum</span> <span class='ocrx_word' id='word_1_247' title='bbox 1011 4062 1064 4119; x_wconf 90' lang='lat' dir='ltr'>aut</span> <span class='ocrx_word' id='word_1_248' title='bbox 1077 4052 1270 4140; x_wconf 79' lang='lat' dir='ltr'>voluptatem</span> <span class='ocrx_word' id='word_1_249' title='bbox 1285 4049 1395 4118; x_wconf 84' lang='lat' dir='ltr'>creatis</span> 
     </span>
     <span class='ocr_line' id='line_1_33' title="bbox 327 4154 1393 4246; baseline -0.002 -24"><span class='ocrx_word' id='word_1_250' title='bbox 327 4155 440 4222; x_wconf 90' lang='lat' dir='ltr'>utitur.</span> <span class='ocrx_word' id='word_1_251' title='bbox 456 4154 500 4224; x_wconf 87' lang='lat' dir='ltr'>Ea</span> <span class='ocrx_word' id='word_1_252' title='bbox 511 4155 640 4224; x_wconf 91' lang='lat' dir='ltr'>sordent</span> <span class='ocrx_word' id='word_1_253' title='bbox 651 4155 841 4243; x_wconf 80' lang='lat' dir='ltr'>Porphyrio,</span> <span class='ocrx_word' id='word_1_254' title='bbox 858 4165 890 4223; x_wconf 92' lang='lat' dir='ltr'>et</span> <span class='ocrx_word' id='word_1_255' title='bbox 909 4156 1050 4224; x_wconf 89' lang='lat' dir='ltr'>Stoicum</span> <span class='ocrx_word' id='word_1_256' title='bbox 1063 4157 1235 4246; x_wconf 74' lang='lat' dir='ltr'>interrogat</span> <span class='ocrx_word' id='word_1_257' title='bbox 1248 4177 1326 4224; x_wconf 88' lang='lat' dir='ltr'>num</span> <span class='ocrx_word' id='word_1_258' title='bbox 1343 4154 1393 4221; x_wconf 85' lang='lat' dir='ltr'>vi-</span> 
     </span>
    </p>
   </div>
   <div class='ocr_carea' id='block_1_7' title="bbox 0 0 1600 5475">
    <p class='ocr_par' dir='ltr' id='par_1_7' title="bbox 0 0 1600 5475">
     <span class='ocr_line' id='line_1_34' title="bbox 0 0 1600 5475; baseline 0 0"><span class='ocrx_word' id='word_1_259' title='bbox 0 0 1600 5475; x_wconf 95' lang='lat' dir='ltr'> </span> 
     </span>
    </p>
   </div>
  </div>
 </body>
</html>
