3192 5475
657 556 836 625 ...51-

237 927 243 931 .
354 878 504 934 Monilitoto
518 878 583 934 moli
595 893 650 935 nou
665 880 837 951 quitseutiro
850 879 994 950 doiorum3

354 968 385 1023 Et
399 966 481 1022 simul
496 968 524 1021 iu
539 982 641 1037 pngnae
652 968 743 1025 studio
758 968 835 1039 quod
849 966 943 1024 dedita
954 981 1033 1025 mons
1043 975 1094 1037 est,

352 1057 471 1123 corporo
486 1070 551 1110 curn
566 1054 673 1125 reliquo
692 1070 817 1127 pugnam
831 1056 976 1127 omnesque
989 1056 1114 1125 petessit.

676 1211 720 1269 {prr
731 1211 795 1253 unu.
813 1212 878 1252 nur.
894 1199 940 1267 111,
951 1197 1029 1267 ott.)

254 1429 390 1496 Animus
413 1428 499 1495 onim
523 1438 608 1494 corta
631 1428 765 1515 quadum
794 1448 829 1495 rc
851 1426 1129 1495 vehementissimo
1153 1439 1277 1511 tonsus,

209 1554 274 1602 uon
287 1534 422 1623 amplius
434 1533 566 1621 origitur
577 1533 616 1600 ud
631 1544 761 1601 externo
776 1554 873 1620 quam
888 1534 915 1601 si
926 1553 1039 1600 somno
1050 1533 1172 1601 solutus
1183 1534 1278 1616 foret,

209 1652 242 1709 et
260 1640 342 1709 idom
357 1641 517 1729 experitur
532 1642 616 1728 quod
626 1661 741 1707 nervus
753 1641 805 1728 qui
820 1637 997 1707 arctissimo
1008 1640 1178 1727 ligamento
1189 1640 1280 1709 stric-

208 1757 273 1827 ωε,
289 1747 412 1815 medico
427 1767 557 1813 manum
572 1747 771 1825 admovente,
787 1767 851 1813 non
866 1745 962 1813 dolet.
984 1745 1059 1814 ldeo
1073 1747 1280 1815 Archimedes

208 1872 316 1920 vocem
331 1854 444 1933 hostis,
457 1854 548 1920 miles
562 1854 676 1920 vuinus
690 1874 753 1920 uon
769 1852 882 1933 scutit,
896 1873 961 1918 non
977 1865 1104 1941 propter
1131 1854 1277 1923 intellec-

208 1967 260 2025 tus
273 1959 444 2035 deiectum,
462 1961 516 2027 sod
541 1960 581 2026 ob
597 1959 727 2026 nimiam
739 1959 917 2026 animorum
930 1959 1175 2040 contentionem,
1192 1960 1277 2029 unde

206 2063 364 2132 sentiendi
379 2065 426 2132 vis
438 2079 539 2133 cessat
555 2065 737 2153 interrupto.
758 2063 854 2131 Aliud
868 2077 972 2131 autem
996 2066 1115 2135 sentiro
1137 2087 1192 2154 por
1205 2066 1278 2135 aui-

207 2190 295 2237 mum
311 2172 426 2252 solum,
444 2171 528 2239 aliud
544 2193 600 2260 por
614 2170 755 2238 animum
768 2171 912 2258 adjutum
925 2170 1097 2238 intellectu.
1121 2170 1279 2241 Hicenim

207 2278 498 2346 sonsusdistinctns
510 2292 556 2347 ost
574 2290 605 2346 ot
620 2279 751 2347 omnino
763 2278 811 2345 sui
824 2278 989 2354 conscius3
1009 2277 1059 2345 illo
1082 2280 1278 2347 mniususot

206 2384 257 2451 rix
272 2384 321 2452 sni
334 2405 477 2475 compos,
491 2395 526 2452 ut
538 2404 612 2455 cum
639 2404 751 2452 somno
782 2382 952 2472 incipimus
981 2383 1127 2479 detineri.
1141 2386 1278 2453 Attoudo

170 2538 173 2545 ·
207 2489 370 2579 veroquid
386 2492 418 2557 in
439 2512 549 2559 somno
565 2492 629 2558 iiut.
645 2491 735 2559 Prior
749 2489 931 2557 intellectus
943 2489 1031 2557 velut
1052 2489 1276 2573 obdormiscit,

207 2597 362 2684 posterior
374 2596 498 2665 animus
510 2598 589 2687 ipse,
605 2618 668 2685 qno
684 2595 815 2675 tandem
835 2595 951 2683 sopito,
966 2596 1069 2663 omnis
1077 2596 1145 2684 jam
1164 2617 1279 2665 sensus

206 2703 335 2771 tollitur.
354 2702 436 2772 Sunt
451 2703 522 2773 ideo
548 2715 696 2792 tunquam
721 2703 784 2770 duo
799 2702 956 2771 sentiendi
980 2702 1097 2792 gradus
1120 2713 1152 2772 et
1176 2702 1276 2794 modi,

206 2821 299 2898 prout
310 2810 437 2877 animus
449 2809 515 2878 suis
530 2809 624 2876 unius
641 2808 757 2896 opibus
781 2809 957 2896 permissus
969 2819 1035 2889 est,
1052 2820 1107 2878 aut
1130 2810 1277 2878 iuteiioc·

205 2923 274 2983 tum
289 2915 465 3004 adjutorem
488 2915 669 3003 assumpsit.
696 2912 776 2981 Cum
803 2914 904 2982 sontis
932 2915 1079 2998 obscure,
1094 2916 1194 2984 scutis
1220 2936 1278 3006 por

205 3021 365 3102 auimum3
380 3043 454 3091 curu
469 3020 586 3110 liquide
601 3031 633 3090 ct
656 3019 771 3103 lucide,
786 3043 843 3110 por
858 3021 1064 3091 intellectum.
1082 3023 1181 3111 Atqui
1202 3044 1286 3096 om-.

205 3127 258 3196 nia
269 3127 440 3196 animantia
454 3148 551 3196 sensu
565 3127 692 3216 praedita
706 3137 793 3209 suut,
807 3137 936 3218 propter
950 3127 981 3196 iu
997 3127 1102 3216 ipsum
1126 3128 1212 3216 quod
1227 3131 1276 3196 vi-

204 3244 278 3321 gent
302 3233 418 3302 animo.
436 3232 540 3302 Seusu
559 3242 664 3300 autom
680 3233 847 3316 instructa,
864 3254 929 3300 nou
944 3243 1020 3300 sont
1034 3234 1213 3302 necessario
1226 3234 1277 3301 in·
1316 3299 1325 3307 .

111 3336 114 3345 '
205 3339 389 3428 tciiigcntia,
407 3339 480 3427 quia
507 3339 686 3408 intellectus
712 3360 776 3407 nou
802 3339 950 3407 societate
973 3339 1147 3408 neccssaria
1168 3341 1277 3409 auimo

204 3445 394 3536 conjunctus
405 3455 463 3514 est.
482 3443 557 3514 Ideo
569 3445 595 3513 si
611 3445 711 3534 piacet
725 3445 896 3514 Plutarcho
913 3445 1019 3513 omnia
1035 3456 1195 3535 utcunque
1207 3448 1277 3514 aui-

202 3552 295 3619 maiin
310 3552 393 3620 iuter
406 3552 607 3620 sentiendum
622 3550 812 3640 intelligere,
828 3552 995 3620 confirmet
1008 3573 1045 3619 ea
1057 3572 1276 3642 sempersen-

202 3656 336 3726 tircnon
357 3656 453 3725 modo
467 3658 589 3724 turbata
605 3669 636 3726 ot
650 3667 816 3745 permixta,
834 3679 891 3746 por
917 3658 1074 3739 animum,
1102 3657 1158 3727 sed
1180 3664 1275 3727 ctiam

202 3763 331 3833 definita
344 3764 490 3852 citraque
505 3785 560 3852 por
574 3764 781 3832 intellectum.
799 3763 835 3834 Id
847 3774 953 3832 autom
972 3765 1060 3832 nulio
1072 3766 1168 3834 modo
1180 3786 1277 3834 com-

202 3871 355 3958 probavit,
370 3891 473 3959 neque
487 3871 641 3959 potuisset
655 3872 760 3940 hercle
786 3872 983 3940 convincere.
999 3870 1164 3955 Quantum
1188 3873 1275 3942 cuim

202 3976 327 4044 intersit
340 3996 470 4045 sonsum
482 3976 562 4044 iuter
578 3987 610 4045 et
624 3990 765 4046 mentem
781 3977 890 4064 ecquis
901 3999 966 4044 uon
980 3976 1091 4045 ridot‘?
1105 3977 1177 4048 Una
1188 3978 1276 4048 euim

201 4082 356 4151 voluntati
369 4093 486 4151 nostrae
504 4083 701 4173 aliquantum
714 4093 763 4151 cst
784 4082 933 4161 obnoxia,
960 4085 1038 4152 alter
1062 4104 1137 4152 vero
1164 4087 1275 4156 neuti-

202 4209 309 4276 quam.
327 4191 525 4279 Argumento
549 4202 598 4260 est
610 4190 642 4258 in
667 4189 885 4279 lepidasabulo
898 4191 1022 4261 Mulieri
1041 4188 1206 4263 Henriettu
1225 4193 1276 4263 itta
