3192 5475
303 622 389 690 luina
403 642 420 689 a
432 624 566 693 civitatis
576 646 708 715 corpore
720 626 809 715 quasi
827 626 1002 693 membrum
1015 636 1106 715 putre
1120 619 1284 689 recidenda
1297 624 1357 684 est.

305 729 383 811 Qua
394 750 469 797 vcro
481 731 569 798 mitia
583 742 657 799 sunt
675 743 706 801 et
718 732 900 800 homiuibus
911 733 1008 800 amica
1032 728 1119 799 omni
1130 738 1237 795 nostra
1251 722 1362 791 crude-

305 834 392 903 litate
405 850 527 904 racent.
541 837 622 905 Nam
634 841 673 907 ad
688 860 759 907 eum
775 840 869 907 tinem
883 852 984 907 creata
998 849 1082 909 sunt,
1106 846 1140 901 ut
1165 829 1285 901 homini
1299 847 1367 895 ser-

306 941 403 1022 viant,
418 963 482 1010 non
498 956 534 1009 ut
546 955 683 1013 atrocem
708 956 740 1013 et
765 966 884 1013 saevum
903 945 1066 1013 domiuum
1079 940 1287 1029 experiantur.
1305 933 1367 1003 lta-

306 1069 369 1135 que
380 1049 407 1115 si
419 1048 469 1115 oui
483 1050 555 1117 vitre
567 1062 629 1119 tuae
639 1053 851 1119 sustentanda>
862 1072 955 1119 causa
964 1045 1234 1125 vitamademeris,
1249 1041 1368 1108 adimes

306 1162 457 1241 tanquam
480 1158 666 1225 necessitate
680 1158 801 1246 pulsuS,
821 1178 923 1246 eoque
936 1176 1031 1225 sensu
1058 1163 1094 1223 ut
1116 1148 1293 1220 miserearis
1306 1165 1367 1235 po-

307 1258 371 1327 tius
385 1280 480 1346 quam
493 1262 637 1345 insultes,
654 1276 709 1331 aut
722 1262 964 1353 gulaeroluptati
974 1262 1181 1347 morigeratus
1194 1252 1367 1325 exoneres.

309 1362 356 1432 lta
373 1386 477 1454 neque
484 1368 615 1456 justitiae
630 1390 733 1458 neque
746 1370 871 1437 utilitati
885 1370 1038 1437 inseretur
1048 1367 1213 1443 damnum,
1236 1372 1267 1429 et
1285 1356 1369 1447 quod

309 1468 364 1537 tibi
379 1470 546 1561 hrutisque
568 1474 685 1543 debeas
706 1476 790 1544 idem
818 1475 989 1565 prestabis.
1005 1473 1120 1561 Ecquis
1145 1479 1251 1538 autem
1275 1467 1371 1534 istum

310 1572 424 1643 dixerit
454 1579 617 1647 huminem
644 1582 712 1668 qui,
739 1592 776 1649 ut
799 1581 901 1669 palato
925 1578 1132 1656 lenocinatur,
1167 1571 1374 1643 excandentia

310 1700 406 1749 uerna
422 1705 589 1772 porcorum
602 1686 722 1774 jugulis
735 1687 857 1767 inserit,
872 1685 1067 1773 autgraridae
1079 1683 1144 1750 suis
1155 1680 1306 1748 uberibus
1319 1677 1373 1743 in·

312 1788 421 1870 sultat,
436 1811 501 1877 quo
524 1790 578 1858 tiat
596 1812 669 1861 caro
691 1793 862 1873 delicatior,
877 1792 1037 1880 quasinon
1057 1788 1155 1878 possit
1166 1786 1227 1853 viri
1239 1783 1374 1851 suaviter

310 1892 380 1961 sine
394 1895 463 1963 istis
478 1917 551 1964 vere
565 1896 680 1965 Siculis
693 1897 1000 1985 excogitationibus?
1026 1894 1140 1964 Omnia
1165 1894 1234 1960 haec
1259 1901 1376 1957 stoma-

312 2002 408 2069 chum
421 2000 590 2071 Plutarcho
606 2019 728 2071 moreut
745 2028 752 2070 :
770 2024 951 2090 nouusque
968 2023 1006 2071 eo
1026 1999 1224 2090 progreditur
1238 2005 1276 2065 ut
1294 1996 1376 2063 dicat

312 2104 416 2196 (sicuti
438 2106 645 2177 libentissime
659 2108 790 2176 dixisset
810 2108 1013 2197 Porphyrius,
1037 2107 1143 2175 Stoico
1154 2101 1288 2192 sapienti
1302 2120 1377 2169 eon-

313 2211 481 2303 sentiens),
507 2235 571 2282 non
594 2215 701 2283 minus
725 2215 921 2302 delinquere,
951 2214 1005 2303 qni
1019 2214 1141 2302 pullum
1158 2210 1375 2299 gallinaceum,

313 2339 389 2385 cum
403 2339 484 2407 opus
505 2341 568 2388 nou
593 2320 699 2401 luerit,
725 2341 820 2409 quam
843 2341 916 2387 eum
943 2319 997 2408 qui
1022 2330 1142 2407 patrem
1164 2311 1374 2383 suffocaverit.

314 2424 379 2492 Sed
395 2436 500 2493 tamen
525 2437 697 2514 querentes
712 2428 751 2495 de
765 2426 961 2495 immanitate
978 2425 1143 2493 hominnm
1166 2419 1305 2511 pecudes
1325 2418 1379 2483 iu-

315 2532 403 2598 ducit
417 2532 610 2619 indignatus.
625 2532 706 2600 Nam
719 2532 859 2601 cruciare
874 2533 954 2600 teras
975 2532 1013 2600 ad
1027 2529 1203 2604 libidinem,
1226 2525 1383 2614 quotient

316 2637 419 2727 magis
427 2639 609 2719 esculentae,
623 2658 687 2725 quo
700 2638 758 2705 iste
770 2637 865 2706 modo
875 2634 1382 2717 serrum,vilemanimam,scorto

316 2745 500 2825 obsecutus,
517 2745 620 2813 securi
633 2744 783 2812 trucidari
795 2746 888 2832 jussit
916 2746 1000 2812 iuter
1013 2743 1135 2832 pocula,
1151 2736 1310 2828 pravitatis
1334 2746 1385 2802 est

317 2848 470 2927 infandae,
478 2858 510 2916 et
522 2871 538 2916 a
549 2859 661 2917 natura
674 2851 832 2917 abhorret.
843 2849 930 2918 Bene
939 2850 1035 2937 igitur
1043 2841 1385 2917 Plutarchushomines

318 2953 428 3021 studet
439 2953 479 3021 ad
491 2955 694 3022 elementiam
708 2975 781 3040 erga
796 2956 930 3042 pecudes
952 2955 1093 3034 incitare,
1108 2963 1198 3020 ratus
1219 2947 1387 3018 crudelita-

318 3070 386 3128 tem
399 3078 417 3124 a
431 3059 507 3126 teris
517 3059 549 3126 iu
562 3059 710 3127 homiues
722 3060 812 3128 facile
827 3061 958 3142 traduci,
973 3051 1077 3148 neque
1094 3058 1201 3126 hercle
1211 3056 1385 3124 belluarum

318 3176 377 3234 ant
391 3165 599 3252 gladiatorum
623 3166 795 3233 certamina
809 3186 827 3232 a
840 3166 992 3235 Romanis
1005 3176 1069 3233 tam
1082 3165 1239 3233 celebrata
1262 3155 1385 3228 non'ea

320 3275 413 3341 suere
427 3292 498 3358 quae
509 3270 705 3358 judicantem
733 3271 806 3338 talia
833 3271 1032 3358 redarguant.
1050 3269 1216 3339 Postremo
1230 3269 1388 3353 ingenuus

320 3388 354 3446 et
369 3376 550 3444 misericors
565 3376 617 3444 ille
631 3375 792 3444 Plutarchi
807 3397 918 3444 sensus
929 3376 1064 3456 redimit,
1077 3375 1105 3442 si
1119 3374 1194 3463 quid
1205 3376 1245 3442 de
1256 3387 1388 3440 esuear-

321 3483 429 3562 nium,
447 3480 660 3570 sophistarum
692 3500 793 3560 more,
814 3480 946 3562 lascivit,
962 3481 1218 3569 praesertimcum
1240 3476 1389 3546 recedens

323 3589 363 3655 ab
378 3586 467 3656 omni
480 3586 660 3654 remotioris
671 3586 831 3673 opinionis
844 3587 993 3667 novitate,
1021 3607 1124 3674 neque
1141 3585 1276 3674 justitiae
1286 3593 1318 3652 et
1333 3583 1392 3652 bu·

324 3691 485 3768 manituti,
501 3712 605 3780 neque
618 3691 713 3758 etiam
728 3690 853 3757 utilitati
865 3701 897 3758 et
909 3693 1049 3761 moribus
1062 3692 1198 3771 officiat;
1212 3690 1298 3778 quod
1310 3687 1391 3755 idem

327 3818 395 3864 non
411 3796 501 3864 omni
513 3815 554 3864 ex
574 3805 663 3884 parte
675 3794 852 3882 Porphyrio
868 3795 1052 3883 contigerat.
