3192 5475
641 518 820 586 ..29-

173 706 175 711 -
195 664 309 767 uulgus
323 662 448 753 desipit.
465 662 540 735 Sic
532 662 668 753 imperiti
683 662 877 781 loquuntur;
902 660 1028 752 sapiens
1047 682 1122 734 uero
1142 648 1272 765 rabiem·

195 775 276 852 hanc
300 771 448 876 appellat,
472 770 628 838 feritatem
654 780 686 839 ct
709 768 884 838 incursum.
902 768 990 861 Ferae
1004 768 1087 839 enim
1102 768 1262 872 uonipprn

195 862 325 960 habeut,
340 900 411 967 quae
425 877 467 945 sit
481 899 583 997 ιιιιιι
595 877 759 966 exigunda
771 876 896 968 cupido.
915 876 992 961 Ne
984 877 1079 966 igitur
1093 898 1183 949 suam
1199 879 1261 953 bo-

196 988 273 1056 mim
265 985 508 1057 excellentiam
522 984 645 1074 eripias.
667 982 701 1053 Is
722 983 807 1075 euim
830 984 917 1052 solus
940 983 1111 1074 cupiditate
1139 984 1264 1064 laborat

196 1094 270 1184 quia
281 1103 390 1162 mente
409 1090 560 1183 praeditus
574 1100 623 1159 est
638 1117 645 1175 ;
664 1091 773 1170 sotus
765 1090 929 1186 mimicum
943 1092 1010 1159 rult
1025 1092 1124 1182 iratus
1138 1090 1260 1171 ulcisci,

197 1202 270 1293 quia
288 1184 380 1269 'solus
400 1198 696 1289 praestantissimum
722 1200 854 1267 rationis
868 1197 989 1293 donum
1004 1200 1133 1292 accepit.
1156 1198 1263 1291 Bestia

195 1308 272 1379 nihil
285 1326 426 1403 unquam
436 1306 536 1374 voluit
544 1306 700 1388 autvolet;
708 1327 791 1375 caeco
803 1305 941 1395 impulsu
954 1306 1015 1396 agit
1027 1306 1167 1400 incitata,
1178 1293 1264 1394 nup-

197 1435 293 1505 quam
307 1414 451 1507 consitio,
466 1423 717 1482 etvanatantum
729 1401 1111 1501 cupiditatumsimuiacra
1120 1398 1259 1507 exhibet,

197 1524 240 1592 ht
256 1522 283 1591 si
298 1522 469 1617 cupiditate
480 1533 578 1617 caret,
595 1520 728 1610 sapienti
741 1520 944 1599 assimilanda
957 1522 1031 1613 est?
1044 1522 1156 1595 Absit!
1173 1532 1264 1607 uacat

198 1632 284 1699 enim
296 1629 465 1725 cupiditate
480 1630 606 1721 sapiens
621 1630 704 1718 quod
719 1648 789 1719 eam
804 1628 910 1717 abjicit
923 1649 941 1718 a
955 1615 1030 1698 sect
1043 1629 1263 1730 vineit32bestia

197 1738 282 1829 quod
297 1738 406 1807 abesse
419 1736 458 1804 ab
468 1757 503 1805 ea
516 1738 627 1804 naturis
638 1736 737 1826 ipsius
746 1735 880 1823 cogitur.
949 1738 953 1742 ’
1083 1727 1086 1733 ’
1208 1724 1212 1728 ’

242 1861 318 1931 flaee
332 1862 449 1944 Stoici;
472 1861 581 1950 Cynici
605 1881 681 1929 vero
706 1861 840 1933 ulterius
858 1861 954 1931 etiam
978 1862 1138 1953 progressi
1158 1869 1258 1943 eraut.

199 1969 281 2039 Nam
306 1970 490 2059 priusquam
502 1966 598 2037 Zeno
622 1976 709 2035 muta
736 1968 937 2048 defraudaret
924 1968 1072 2051 tanimae
1086 1969 1272 2074 priucippttt·

198 2099 251 2147 eur
240 2070 421 2144 sentiendi
436 2074 567 2145 facultas
581 2095 723 2144 connexa
746 2086 807 2158 cst,
827 2075 929 2165 ipsam
941 2076 1002 2162 iilis
1017 2077 1174 2165 sentiendi
1164 2078 1264 2161 irim

198 2182 385 2271 auctoritate
397 2203 451 2249 sua
459 2182 619 2283 Diogenes
633 2182 821 2265 detraxerat.
834 2182 955 2251 Locum
970 2183 1150 2259 Plutarchi
1142 2206 1174 2252 ru
1189 2204 1261 2252 me-

198 2290 287 2357 dium
312 2289 481 2382 proferam.
513 2315 527 2352 ι
554 2275 715 2377 Diogenes
728 2289 821 2357 bruta
834 2301 944 2358 censet
958 2291 1073 2359 mentis
1085 2300 1118 2359 et
1129 2294 1215 2358 cerie
1230 2291 1262 2359 in

197 2408 317 2489 partem
341 2394 462 2479 uenire,
491 2392 533 2487 (a)
555 2396 609 2463 sed
629 2405 757 2486 propter
771 2397 938 2466 humorem
962 2397 1058 2467 nimis
1075 2417 1217 2472 crassum
1230 2408 1264 2467 et

197 2503 440 2585 redundantem,
456 2523 560 2591 neque
574 2502 749 2591 intelligere
774 2524 877 2591 neque
902 2502 1020 2573 sentire
1042 2500 1119 2595 (tt).
1137 2530 1152 2567 ι
1170 2504 1264 2573 Acris

198 2622 304 2681 autem
316 2620 348 2679 ct
360 2608 476 2677 mentis
485 2609 646 2699 participia
655 2620 758 2691 uorat,
774 2611 859 2697 quod
872 2630 982 2679 eorum
995 2610 1100 2681 anima
1110 2611 1273 2703 ιιιιιιιιιιι,
1288 2688 1292 2696 ,

199 2719 250 2788 itta
263 2718 374 2804 muudi
386 2716 520 2786 defluxit
536 2739 606 2807 quae
622 2725 745 2786 constat
768 2736 841 2786 aere
859 2716 961 2798 calido
973 2728 1004 2786 et
1028 2717 1152 2788 ratione
1163 2717 1259 2808 uiget.

198 2825 277 2896 Cum
287 2847 363 2895 vcro
375 2846 517 2916 corporis
530 2825 686 2893 elementa
709 2823 752 2892 ιιι
774 2835 947 2914 temperata
962 2825 1025 2894 sint
1034 2827 1148 2916 apud
1145 2846 1216 2895 eras
1228 2836 1264 2895 ut

199 2954 315 3036 pars
285 2933 398 3001 animae
410 2931 602 3000 rationabilis
614 2951 764 3020 oppressa
778 2931 939 3020 langueat,
954 2932 1034 3000 nihii
1047 2934 1146 3021 mutis
1154 2934 1265 3031 reiinv
1241 2971 1271 3032 't

198 3041 307 3131 quitur
321 3062 359 3109 ex
374 3039 413 3107 iis
427 3021 628 3108 facultatibus
649 3058 726 3126 quas
746 3038 859 3105 animae
886 3039 1086 3128 principatui,
1099 3040 1131 3109 id
1146 3055 1193 3132 est
1207 3061 1265 3108 ra-

183 3147 289 3231 ttioni,
314 3146 410 3215 Stoici
436 3145 682 3234 conjunxerunt,
711 3144 792 3211 iuter
817 3165 896 3244 qups
927 3157 1155 3226 annumeratur
1182 3169 1264 3220 sene

199 3254 298 3324 tioudi
319 3254 418 3343 eopia.
448 3252 570 3340 Itaque,
602 3261 638 3318 ut
661 3251 719 3340 ipsi
742 3251 925 3318 aicbautt
888 3251 998 3332 Stoici,
1026 3253 1110 3320 inter
1127 3254 1264 3323 brutaet

198 3361 312 3450 stirpes
336 3371 447 3427 natura
463 3358 540 3425 nihii
555 3358 708 3426 interesse
731 3358 840 3426 voluit.
862 3357 926 3426 Iliae
941 3358 1027 3426 cuim
1044 3359 1114 3427 siue
1123 3363 1263 3450 appetitu

196 3489 233 3538 ac
252 3489 348 3538 sensu
374 3467 604 3555 gubernantur,
626 3466 707 3532 sicut
732 3463 762 3530 iu
782 3464 1016 3554 nobismetipsis
1039 3467 1184 3555 quaedam
1209 3468 1262 3536 in-

197 3575 369 3666 scientibus
386 3593 489 3662 neque
500 3571 711 3640 sentientibus
728 3571 918 3639 efficiuntur.
936 3572 1009 3654 Quo
1021 3573 1150 3663 quidem
1167 3575 1262 3646 modo

197 3694 229 3752 et
243 3681 389 3778 apimalia
410 3679 626 3762 exhilarantur
640 3689 672 3746 et
685 3679 814 3746 arbores
827 3679 996 3767 virescunt.

243 3789 287 3856 Eu
299 3809 361 3878 qua
374 3787 549 3877 plantarum
568 3785 807 3874 bestiarumque
821 3789 1055 3876 comparatione
1066 3789 1164 3860 Stoici
1175 3789 1262 3860 coili-
1363 3832 1370 3844 ·

197 3894 314 3986 gebant
328 3914 469 3983 quonam
483 3903 603 3982 pactoa
619 3893 711 3960 nobis
735 3903 878 3982 utraeque
897 3896 1051 3970 habendae
1073 3897 1148 3966 sint.
1163 3895 1263 3997 Bruta

1180 4051 1262 4060 ,ιω-.-

233 4111 268 4186 (a)
298 4115 351 4171 Pro
368 4108 488 4186 νοητοῦ
520 4101 618 4170 καὶ’
605 4105 688 4198 cipe<
722 4114 949 4186 wyttenbachius
971 4119 1100 4190 proponit
1130 4128 1266 4201 pompaei

197 4199 293 4300 ἀέρος,
317 4217 392 4284 quod
404 4215 478 4273 idem
493 4223 571 4272 sonat
586 4221 613 4272 et
627 4214 701 4286 ignis
713 4214 880 4274 artificiosus
895 4219 1053 4328 stoicorum.
