<?xml version="1.0" encoding="UTF-8"?>
<!DOCTYPE html PUBLIC "-//W3C//DTD XHTML 1.0 Transitional//EN"
    "http://www.w3.org/TR/xhtml1/DTD/xhtml1-transitional.dtd">
<html xmlns="http://www.w3.org/1999/xhtml" xml:lang="en" lang="en">
 <head>
  <title>
</title>
<meta http-equiv="Content-Type" content="text/html;charset=utf-8" />
  <meta name='ocr-system' content='tesseract 3.04.00' />
  <meta name='ocr-capabilities' content='ocr_page ocr_carea ocr_par ocr_line ocrx_word'/>
</head>
<body>
  <div class='ocr_page' id='page_1' title='image "./deanimabrutorum00brgoog_0051.png"; bbox 0 0 3192 5475; ppageno 0'>
   <div class='ocr_carea' id='block_1_1' title="bbox 661 482 840 549">
    <p class='ocr_par' dir='ltr' id='par_1_1' title="bbox 661 482 840 549">
     <span class='ocr_line' id='line_1_1' title="bbox 661 482 840 549; baseline 0.006 -16"><span class='ocrx_word' id='word_1_1' title='bbox 661 482 840 549; x_wconf 67' lang='lat' dir='ltr'><strong>„no-</strong></span> 
     </span>
    </p>
   </div>
   <div class='ocr_carea' id='block_1_2' title="bbox 140 625 1372 3593">
    <p class='ocr_par' dir='ltr' id='par_1_2' title="bbox 140 625 1372 3593">
     <span class='ocr_line' id='line_1_2' title="bbox 213 625 1289 719; baseline 0.005 -24"><span class='ocrx_word' id='word_1_2' title='bbox 213 625 373 716; x_wconf 77' lang='lat' dir='ltr'><strong>(idestcb</strong></span> <span class='ocrx_word' id='word_1_3' title='bbox 394 626 593 719; x_wconf 68' lang='grc' dir='ltr'>ἡγεμονικόν)</span> <span class='ocrx_word' id='word_1_4' title='bbox 608 630 727 699; x_wconf 89' lang='lat' dir='ltr'><strong>sentire</strong></span> <span class='ocrx_word' id='word_1_5' title='bbox 740 631 896 709; x_wconf 86' lang='lat' dir='ltr'><strong>animalia,</strong></span> <span class='ocrx_word' id='word_1_6' title='bbox 920 632 1084 719; x_wconf 73' lang='lat' dir='ltr'><strong>Diogenes</strong></span> <span class='ocrx_word' id='word_1_7' title='bbox 1094 633 1139 702; x_wconf 86' lang='lat' dir='ltr'><strong>iu</strong></span> <span class='ocrx_word' id='word_1_8' title='bbox 1153 633 1289 704; x_wconf 63' lang='lat' dir='ltr'><strong>concta-2</strong></span> 
     </span>
     <span class='ocr_line' id='line_1_3' title="bbox 213 733 1279 825; baseline 0.007 -25"><span class='ocrx_word' id='word_1_9' title='bbox 213 733 281 802; x_wconf 84' lang='lat' dir='ltr'><strong>dlt:</strong></span> <span class='ocrx_word' id='word_1_10' title='bbox 297 763 312 799; x_wconf 79' lang='lat' dir='ltr'><strong>r</strong></span> <span class='ocrx_word' id='word_1_11' title='bbox 327 736 428 805; x_wconf 85' lang='lat' dir='ltr'><strong>bestia</strong></span> <span class='ocrx_word' id='word_1_12' title='bbox 440 756 504 803; x_wconf 92' lang='lat' dir='ltr'><strong>non</strong></span> <span class='ocrx_word' id='word_1_13' title='bbox 515 736 673 823; x_wconf 81' lang='lat' dir='ltr'><strong>intelligit,</strong></span> <span class='ocrx_word' id='word_1_14' title='bbox 699 756 774 825; x_wconf 85' lang='lat' dir='ltr'><strong>ergo</strong></span> <span class='ocrx_word' id='word_1_15' title='bbox 789 757 854 803; x_wconf 90' lang='lat' dir='ltr'><strong>non</strong></span> <span class='ocrx_word' id='word_1_16' title='bbox 869 736 977 805; x_wconf 86' lang='lat' dir='ltr'><strong>sentit.</strong></span> <span class='ocrx_word' id='word_1_17' title='bbox 998 736 1135 807; x_wconf 77' lang='lat' dir='ltr'><strong>»Strato</strong></span> <span class='ocrx_word' id='word_1_18' title='bbox 1146 748 1256 808; x_wconf 80' lang='lat' dir='ltr'><strong>contra</strong></span> <span class='ocrx_word' id='word_1_19' title='bbox 1271 764 1279 807; x_wconf 89' lang='lat'>:</span> 
     </span>
     <span class='ocr_line' id='line_1_4' title="bbox 214 841 1284 933; baseline 0.009 -30"><span class='ocrx_word' id='word_1_20' title='bbox 214 866 230 903; x_wconf 82' lang='lat' dir='ltr'><strong>&lt;r</strong></span> <span class='ocrx_word' id='word_1_21' title='bbox 246 841 353 910; x_wconf 81' lang='lat' dir='ltr'><strong>Restia</strong></span> <span class='ocrx_word' id='word_1_22' title='bbox 367 843 476 924; x_wconf 79' lang='lat' dir='ltr'>sentit,</span> <span class='ocrx_word' id='word_1_23' title='bbox 492 862 567 931; x_wconf 85' lang='lat' dir='ltr'><strong>ergo</strong></span> <span class='ocrx_word' id='word_1_24' title='bbox 579 842 736 931; x_wconf 83' lang='lat' dir='ltr'><strong>intelligit,</strong></span> <span class='ocrx_word' id='word_1_25' title='bbox 746 854 778 911; x_wconf 88' lang='lat' dir='ltr'><strong>et</strong></span> <span class='ocrx_word' id='word_1_26' title='bbox 788 842 967 912; x_wconf 89' lang='lat' dir='ltr'><strong>intellectus</strong></span> <span class='ocrx_word' id='word_1_27' title='bbox 979 864 1284 933; x_wconf 83' lang='lat' dir='ltr'><strong>sensumnunquam</strong></span> 
     </span>
     <span class='ocr_line' id='line_1_5' title="bbox 212 946 1280 1037; baseline 0.006 -24"><span class='ocrx_word' id='word_1_28' title='bbox 212 966 276 1015; x_wconf 91' lang='lat' dir='ltr'><strong>non</strong></span> <span class='ocrx_word' id='word_1_29' title='bbox 291 948 460 1017; x_wconf 76' lang='lat' dir='ltr'>comitatur</span> <span class='ocrx_word' id='word_1_30' title='bbox 472 946 572 1037; x_wconf 77' lang='grc'>(16).»</span> <span class='ocrx_word' id='word_1_31' title='bbox 582 948 1163 1037; x_wconf 78' lang='lat' dir='ltr'><strong>CuiplacitosuliragatusPlutarcbus,</strong></span> <span class='ocrx_word' id='word_1_32' title='bbox 1173 962 1280 1022; x_wconf 79' lang='lat' dir='ltr'><strong>tamen</strong></span> 
     </span>
     <span class='ocr_line' id='line_1_6' title="bbox 212 1054 1284 1144; baseline 0.007 -24"><span class='ocrx_word' id='word_1_33' title='bbox 212 1054 330 1120; x_wconf 87' lang='lat' dir='ltr'><strong>nullam</strong></span> <span class='ocrx_word' id='word_1_34' title='bbox 357 1056 408 1123; x_wconf 93' lang='lat' dir='ltr'><strong>isti</strong></span> <span class='ocrx_word' id='word_1_35' title='bbox 431 1057 471 1124; x_wconf 91' lang='lat' dir='ltr'><strong>de</strong></span> <span class='ocrx_word' id='word_1_36' title='bbox 485 1054 661 1144; x_wconf 86' lang='lat' dir='ltr'><strong>principatu</strong></span> <span class='ocrx_word' id='word_1_37' title='bbox 683 1056 796 1123; x_wconf 89' lang='lat' dir='ltr'><strong>rationi</strong></span> <span class='ocrx_word' id='word_1_38' title='bbox 825 1056 934 1123; x_wconf 80' lang='lat' dir='ltr'><strong>tribuit</strong></span> <span class='ocrx_word' id='word_1_39' title='bbox 958 1059 1190 1126; x_wconf 87' lang='lat' dir='ltr'><strong>auctoritatem.</strong></span> <span class='ocrx_word' id='word_1_40' title='bbox 1207 1058 1284 1127; x_wconf 84' lang='lat' dir='ltr'><strong>ldeo</strong></span> 
     </span>
     <span class='ocr_line' id='line_1_7' title="bbox 211 1162 1280 1251; baseline 0.005 -24"><span class='ocrx_word' id='word_1_41' title='bbox 211 1180 285 1227; x_wconf 88' lang='lat' dir='ltr'><strong>cnm</strong></span> <span class='ocrx_word' id='word_1_42' title='bbox 297 1182 361 1229; x_wconf 91' lang='lat' dir='ltr'><strong>non</strong></span> <span class='ocrx_word' id='word_1_43' title='bbox 372 1162 471 1251; x_wconf 87' lang='lat' dir='ltr'>possit</span> <span class='ocrx_word' id='word_1_44' title='bbox 485 1162 651 1231; x_wconf 78' lang='lat' dir='ltr'><strong>sententiae</strong></span> <span class='ocrx_word' id='word_1_45' title='bbox 665 1182 731 1230; x_wconf 86' lang='lat' dir='ltr'><strong>suae</strong></span> <span class='ocrx_word' id='word_1_46' title='bbox 743 1163 830 1229; x_wconf 87' lang='lat' dir='ltr'><strong>idem</strong></span> <span class='ocrx_word' id='word_1_47' title='bbox 841 1162 926 1250; x_wconf 84' lang='lat' dir='ltr'><strong>quod</strong></span> <span class='ocrx_word' id='word_1_48' title='bbox 938 1162 1044 1231; x_wconf 85' lang='lat' dir='ltr'><strong>Strato</strong></span> <span class='ocrx_word' id='word_1_49' title='bbox 1056 1164 1194 1233; x_wconf 82' lang='lat' dir='ltr'><strong>subdere</strong></span> <span class='ocrx_word' id='word_1_50' title='bbox 1203 1164 1280 1232; x_wconf 87' lang='lat' dir='ltr'><strong>iun-</strong></span> 
     </span>
     <span class='ocr_line' id='line_1_8' title="bbox 210 1266 1277 1360; baseline 0.007 -28"><span class='ocrx_word' id='word_1_51' title='bbox 210 1266 407 1351; x_wconf 85' lang='lat' dir='ltr'><strong>dementum,</strong></span> <span class='ocrx_word' id='word_1_52' title='bbox 423 1290 486 1337; x_wconf 93' lang='lat' dir='ltr'><strong>non</strong></span> <span class='ocrx_word' id='word_1_53' title='bbox 502 1270 567 1358; x_wconf 84' lang='lat' dir='ltr'><strong>jam</strong></span> <span class='ocrx_word' id='word_1_54' title='bbox 584 1268 780 1356; x_wconf 75' lang='lat' dir='ltr'><strong>argumentis</strong></span> <span class='ocrx_word' id='word_1_55' title='bbox 805 1269 932 1351; x_wconf 78' lang='lat' dir='ltr'><strong>Stoicis,</strong></span> <span class='ocrx_word' id='word_1_56' title='bbox 960 1281 997 1336; x_wconf 91' lang='lat' dir='ltr'><strong>ut</strong></span> <span class='ocrx_word' id='word_1_57' title='bbox 1017 1291 1087 1337; x_wconf 87' lang='lat' dir='ltr'><strong>eam</strong></span> <span class='ocrx_word' id='word_1_58' title='bbox 1111 1272 1277 1360; x_wconf 80' lang='lat' dir='ltr'><strong>approbet,</strong></span> 
     </span>
     <span class='ocr_line' id='line_1_9' title="bbox 211 1374 1281 1466; baseline 0.002 -25"><span class='ocrx_word' id='word_1_59' title='bbox 211 1374 266 1441; x_wconf 89' lang='lat' dir='ltr'><strong>sed</strong></span> <span class='ocrx_word' id='word_1_60' title='bbox 281 1375 433 1463; x_wconf 81' lang='lat' dir='ltr'><strong>exemplis</strong></span> <span class='ocrx_word' id='word_1_61' title='bbox 448 1376 556 1442; x_wconf 88' lang='lat' dir='ltr'><strong>utitur.</strong></span> <span class='ocrx_word' id='word_1_62' title='bbox 575 1374 698 1463; x_wconf 83' lang='lat' dir='ltr'><strong>Saepius</strong></span> <span class='ocrx_word' id='word_1_63' title='bbox 719 1374 817 1457; x_wconf 90' lang='lat' dir='ltr'><strong>eninr,</strong></span> <span class='ocrx_word' id='word_1_64' title='bbox 841 1374 897 1453; x_wconf 88' lang='lat' dir='ltr'><strong>ait,</strong></span> <span class='ocrx_word' id='word_1_65' title='bbox 921 1375 999 1445; x_wconf 91' lang='lat' dir='ltr'><strong>dum</strong></span> <span class='ocrx_word' id='word_1_66' title='bbox 1012 1376 1113 1444; x_wconf 87' lang='lat' dir='ltr'><strong>oculis</strong></span> <span class='ocrx_word' id='word_1_67' title='bbox 1128 1377 1281 1466; x_wconf 93' lang='lat' dir='ltr'><strong>scriptum</strong></span> 
     </span>
     <span class='ocr_line' id='line_1_10' title="bbox 210 1480 1281 1570; baseline 0.006 -25"><span class='ocrx_word' id='word_1_68' title='bbox 210 1480 329 1567; x_wconf 84' lang='lat' dir='ltr'><strong>aliquid</strong></span> <span class='ocrx_word' id='word_1_69' title='bbox 344 1481 571 1570; x_wconf 83' lang='lat' dir='ltr'><strong>percurrimus,</strong></span> <span class='ocrx_word' id='word_1_70' title='bbox 597 1480 790 1549; x_wconf 85' lang='lat' dir='ltr'><strong>adstantium</strong></span> <span class='ocrx_word' id='word_1_71' title='bbox 803 1481 972 1569; x_wconf 90' lang='lat' dir='ltr'><strong>colloquia,</strong></span> <span class='ocrx_word' id='word_1_72' title='bbox 996 1483 1281 1567; x_wconf 83' lang='lat' dir='ltr'><strong>quamvisnostras</strong></span> 
     </span>
     <span class='ocr_line' id='line_1_11' title="bbox 212 1587 1283 1676; baseline 0.006 -23"><span class='ocrx_word' id='word_1_73' title='bbox 212 1587 380 1655; x_wconf 88' lang='lat' dir='ltr'><strong>verberent</strong></span> <span class='ocrx_word' id='word_1_74' title='bbox 403 1609 506 1669; x_wconf 87' lang='lat' dir='ltr'><strong>aures,</strong></span> <span class='ocrx_word' id='word_1_75' title='bbox 524 1597 665 1655; x_wconf 84' lang='lat' dir='ltr'><strong>ruentem</strong></span> <span class='ocrx_word' id='word_1_76' title='bbox 691 1588 847 1676; x_wconf 83' lang='lat' dir='ltr'><strong>effugiunt</strong></span> <span class='ocrx_word' id='word_1_77' title='bbox 861 1587 1016 1656; x_wconf 90' lang='lat' dir='ltr'><strong>intentam</strong></span> <span class='ocrx_word' id='word_1_78' title='bbox 1034 1588 1075 1655; x_wconf 88' lang='lat' dir='ltr'><strong>ad</strong></span> <span class='ocrx_word' id='word_1_79' title='bbox 1096 1588 1166 1656; x_wconf 71' lang='lat' dir='ltr'><strong>arlia.</strong></span> <span class='ocrx_word' id='word_1_80' title='bbox 1189 1590 1283 1660; x_wconf 88' lang='lat' dir='ltr'><strong>Mens</strong></span> 
     </span>
     <span class='ocr_line' id='line_1_12' title="bbox 212 1693 1277 1785; baseline 0.003 -24"><span class='ocrx_word' id='word_1_81' title='bbox 212 1714 287 1762; x_wconf 80' lang='lat' dir='ltr'><strong>vero</strong></span> <span class='ocrx_word' id='word_1_82' title='bbox 310 1695 466 1782; x_wconf 87' lang='lat' dir='ltr'><strong>posterius</strong></span> <span class='ocrx_word' id='word_1_83' title='bbox 490 1694 572 1762; x_wconf 91' lang='lat' dir='ltr'><strong>redit</strong></span> <span class='ocrx_word' id='word_1_84' title='bbox 590 1695 630 1761; x_wconf 88' lang='lat' dir='ltr'><strong>ad</strong></span> <span class='ocrx_word' id='word_1_85' title='bbox 645 1714 680 1762; x_wconf 85' lang='lat' dir='ltr'><strong>ea</strong></span> <span class='ocrx_word' id='word_1_86' title='bbox 703 1714 774 1781; x_wconf 87' lang='lat' dir='ltr'><strong>quae</strong></span> <span class='ocrx_word' id='word_1_87' title='bbox 797 1693 1115 1783; x_wconf 87' lang='lat' dir='ltr'><strong>dictasunt,rcpetit,</strong></span> <span class='ocrx_word' id='word_1_88' title='bbox 1129 1697 1277 1785; x_wconf 87' lang='lat' dir='ltr'><strong>insequi-</strong></span> 
     </span>
     <span class='ocr_line' id='line_1_13' title="bbox 211 1800 1283 1890; baseline 0.002 -23"><span class='ocrx_word' id='word_1_89' title='bbox 211 1812 263 1867; x_wconf 88' lang='lat' dir='ltr'><strong>tur</strong></span> <span class='ocrx_word' id='word_1_90' title='bbox 284 1811 316 1868; x_wconf 91' lang='lat' dir='ltr'><strong>et</strong></span> <span class='ocrx_word' id='word_1_91' title='bbox 332 1802 457 1888; x_wconf 83' lang='lat' dir='ltr'><strong>singula</strong></span> <span class='ocrx_word' id='word_1_92' title='bbox 480 1821 614 1890; x_wconf 84' lang='lat' dir='ltr'><strong>quaeque</strong></span> <span class='ocrx_word' id='word_1_93' title='bbox 650 1800 793 1887; x_wconf 85' lang='lat' dir='ltr'><strong>relegens</strong></span> <span class='ocrx_word' id='word_1_94' title='bbox 824 1811 966 1889; x_wconf 89' lang='lat' dir='ltr'><strong>occupat.</strong></span> <span class='ocrx_word' id='word_1_95' title='bbox 1002 1801 1041 1868; x_wconf 85' lang='lat' dir='ltr'><strong>Et</strong></span> <span class='ocrx_word' id='word_1_96' title='bbox 1058 1802 1152 1889; x_wconf 90' lang='lat' dir='ltr'><strong>paulo</strong></span> <span class='ocrx_word' id='word_1_97' title='bbox 1175 1803 1283 1871; x_wconf 83' lang='lat' dir='ltr'><strong>inira:</strong></span> 
     </span>
     <span class='ocr_line' id='line_1_14' title="bbox 212 1907 1280 1997; baseline 0.003 -21"><span class='ocrx_word' id='word_1_98' title='bbox 212 1926 286 1976; x_wconf 92' lang='lat' dir='ltr'><strong>cum</strong></span> <span class='ocrx_word' id='word_1_99' title='bbox 298 1908 381 1975; x_wconf 87' lang='lat' dir='ltr'><strong>inter</strong></span> <span class='ocrx_word' id='word_1_100' title='bbox 395 1909 503 1997; x_wconf 91' lang='lat' dir='ltr'><strong>opulas</strong></span> <span class='ocrx_word' id='word_1_101' title='bbox 518 1908 679 1996; x_wconf 80' lang='lat' dir='ltr'><strong>egregium</strong></span> <span class='ocrx_word' id='word_1_102' title='bbox 692 1927 819 1975; x_wconf 90' lang='lat' dir='ltr'><strong>carmen</strong></span> <span class='ocrx_word' id='word_1_103' title='bbox 839 1908 1004 1975; x_wconf 83' lang='lat' dir='ltr'><strong>recitatum</strong></span> <span class='ocrx_word' id='word_1_104' title='bbox 1019 1907 1213 1992; x_wconf 79' lang='lat' dir='ltr'><strong>laudaretur,</strong></span> <span class='ocrx_word' id='word_1_105' title='bbox 1227 1910 1280 1979; x_wconf 91' lang='lat' dir='ltr'><strong>in-</strong></span> 
     </span>
     <span class='ocr_line' id='line_1_15' title="bbox 212 2012 1282 2103; baseline 0.005 -23"><span class='ocrx_word' id='word_1_106' title='bbox 212 2023 390 2101; x_wconf 83' lang='lat' dir='ltr'><strong>terrogatus</strong></span> <span class='ocrx_word' id='word_1_107' title='bbox 405 2034 460 2081; x_wconf 83' lang='lat' dir='ltr'><strong>rex</strong></span> <span class='ocrx_word' id='word_1_108' title='bbox 472 2014 659 2082; x_wconf 84' lang='lat' dir='ltr'><strong>Cleomenes</strong></span> <span class='ocrx_word' id='word_1_109' title='bbox 681 2032 722 2079; x_wconf 91' lang='lat' dir='ltr'><strong>an</strong></span> <span class='ocrx_word' id='word_1_110' title='bbox 748 2012 827 2080; x_wconf 91' lang='lat' dir='ltr'><strong>illud</strong></span> <span class='ocrx_word' id='word_1_111' title='bbox 843 2013 1100 2101; x_wconf 90' lang='lat' dir='ltr'><strong>probatissimum</strong></span> <span class='ocrx_word' id='word_1_112' title='bbox 1111 2014 1282 2103; x_wconf 87' lang='lat' dir='ltr'><strong>judicaret,</strong></span> 
     </span>
     <span class='ocr_line' id='line_1_16' title="bbox 214 2118 1286 2210; baseline 0.01 -29"><span class='ocrx_word' id='word_1_113' title='bbox 214 2147 229 2182; x_wconf 70' lang='lat' dir='ltr'><strong>rr</strong></span> <span class='ocrx_word' id='word_1_114' title='bbox 247 2119 307 2208; x_wconf 89' lang='lat' dir='ltr'><strong>ipsi</strong></span> <span class='ocrx_word' id='word_1_115' title='bbox 319 2119 470 2195; x_wconf 85' lang='lat' dir='ltr'><strong>videritis.</strong></span> <span class='ocrx_word' id='word_1_116' title='bbox 489 2147 504 2183; x_wconf 90' lang='lat'>»</span> <span class='ocrx_word' id='word_1_117' title='bbox 521 2118 704 2209; x_wconf 84' lang='lat' dir='ltr'><strong>respondit;</strong></span> <span class='ocrx_word' id='word_1_118' title='bbox 723 2144 738 2181; x_wconf 85' lang='grc'><strong><em>«</em></strong></span> <span class='ocrx_word' id='word_1_119' title='bbox 756 2120 834 2187; x_wconf 90' lang='lat' dir='ltr'><strong>mibi</strong></span> <span class='ocrx_word' id='word_1_120' title='bbox 857 2120 943 2187; x_wconf 91' lang='lat' dir='ltr'><strong>enim</strong></span> <span class='ocrx_word' id='word_1_121' title='bbox 964 2140 1057 2189; x_wconf 85' lang='lat' dir='ltr'><strong>meus</strong></span> <span class='ocrx_word' id='word_1_122' title='bbox 1076 2142 1207 2210; x_wconf 81' lang='lat' dir='ltr'><strong>peregre</strong></span> <span class='ocrx_word' id='word_1_123' title='bbox 1218 2134 1286 2192; x_wconf 80' lang='lat' dir='ltr'><strong>emt</strong></span> 
     </span>
     <span class='ocr_line' id='line_1_17' title="bbox 213 2218 504 2315; baseline 0 -26"><span class='ocrx_word' id='word_1_124' title='bbox 213 2218 466 2315; x_wconf 81' lang='lat' dir='ltr'><strong>inPeloponeso.</strong></span> <span class='ocrx_word' id='word_1_125' title='bbox 489 2254 504 2289; x_wconf 77' lang='lat' dir='ltr'><strong>r&gt;</strong></span> 
     </span>
     <span class='ocr_line' id='line_1_18' title="bbox 256 2330 1287 2421; baseline 0.007 -23"><span class='ocrx_word' id='word_1_126' title='bbox 256 2330 494 2401; x_wconf 81' lang='lat' dir='ltr'><strong>Verumtamen</strong></span> <span class='ocrx_word' id='word_1_127' title='bbox 508 2334 560 2401; x_wconf 87' lang='lat' dir='ltr'><strong>itta</strong></span> <span class='ocrx_word' id='word_1_128' title='bbox 572 2334 715 2421; x_wconf 86' lang='lat' dir='ltr'><strong>exempla</strong></span> <span class='ocrx_word' id='word_1_129' title='bbox 727 2332 857 2400; x_wconf 85' lang='lat' dir='ltr'><strong>minime</strong></span> <span class='ocrx_word' id='word_1_130' title='bbox 886 2332 1081 2404; x_wconf 82' lang='lat' dir='ltr'><strong>confirmant</strong></span> <span class='ocrx_word' id='word_1_131' title='bbox 1095 2354 1203 2401; x_wconf 88' lang='lat' dir='ltr'><strong>veram</strong></span> <span class='ocrx_word' id='word_1_132' title='bbox 1214 2355 1287 2405; x_wconf 85' lang='lat' dir='ltr'><strong>csse</strong></span> 
     </span>
     <span class='ocr_line' id='line_1_19' title="bbox 212 2436 1281 2529; baseline 0.004 -23"><span class='ocrx_word' id='word_1_133' title='bbox 212 2438 370 2508; x_wconf 83' lang='lat' dir='ltr'><strong>Stratonis</strong></span> <span class='ocrx_word' id='word_1_134' title='bbox 384 2452 415 2506; x_wconf 89' lang='lat' dir='ltr'><strong>et</strong></span> <span class='ocrx_word' id='word_1_135' title='bbox 428 2439 590 2507; x_wconf 82' lang='lat' dir='ltr'><strong>Plutarchi</strong></span> <span class='ocrx_word' id='word_1_136' title='bbox 611 2438 813 2507; x_wconf 85' lang='lat' dir='ltr'><strong>sententiam.</strong></span> <span class='ocrx_word' id='word_1_137' title='bbox 839 2436 887 2505; x_wconf 84' lang='lat' dir='ltr'><strong>Ex</strong></span> <span class='ocrx_word' id='word_1_138' title='bbox 911 2437 961 2506; x_wconf 92' lang='lat' dir='ltr'><strong>bis</strong></span> <span class='ocrx_word' id='word_1_139' title='bbox 983 2440 1069 2507; x_wconf 94' lang='lat' dir='ltr'><strong>enim</strong></span> <span class='ocrx_word' id='word_1_140' title='bbox 1094 2440 1281 2529; x_wconf 80' lang='lat' dir='ltr'><strong>neutiquam</strong></span> 
     </span>
     <span class='ocr_line' id='line_1_20' title="bbox 212 2544 1286 2636; baseline 0.003 -24"><span class='ocrx_word' id='word_1_141' title='bbox 212 2544 487 2613; x_wconf 85' lang='lat' dir='ltr'><strong>efficitursensum</strong></span> <span class='ocrx_word' id='word_1_142' title='bbox 514 2544 582 2613; x_wconf 87' lang='lat' dir='ltr'><strong>lieri</strong></span> <span class='ocrx_word' id='word_1_143' title='bbox 605 2564 670 2612; x_wconf 90' lang='lat' dir='ltr'><strong>non</strong></span> <span class='ocrx_word' id='word_1_144' title='bbox 692 2565 783 2634; x_wconf 89' lang='lat' dir='ltr'><strong>posse</strong></span> <span class='ocrx_word' id='word_1_145' title='bbox 802 2545 872 2611; x_wconf 88' lang='lat' dir='ltr'><strong>sine</strong></span> <span class='ocrx_word' id='word_1_146' title='bbox 898 2544 1074 2625; x_wconf 87' lang='lat' dir='ltr'><strong>intellectu,</strong></span> <span class='ocrx_word' id='word_1_147' title='bbox 1104 2547 1161 2615; x_wconf 88' lang='lat' dir='ltr'><strong>scd</strong></span> <span class='ocrx_word' id='word_1_148' title='bbox 1176 2548 1286 2636; x_wconf 88' lang='lat' dir='ltr'><strong>potius</strong></span> 
     </span>
     <span class='ocr_line' id='line_1_21' title="bbox 190 2649 1284 2742; baseline 0.005 -25"><span class='ocrx_word' id='word_1_149' title='bbox 190 2650 573 2740; x_wconf 80' lang='lat' dir='ltr'><strong>&#39;rerumintelligcntiam</strong></span> <span class='ocrx_word' id='word_1_150' title='bbox 594 2652 717 2732; x_wconf 85' lang='lat' dir='ltr'><strong>abesse,</strong></span> <span class='ocrx_word' id='word_1_151' title='bbox 731 2649 883 2739; x_wconf 88' lang='lat' dir='ltr'><strong>quamdiu</strong></span> <span class='ocrx_word' id='word_1_152' title='bbox 907 2670 982 2740; x_wconf 88' lang='lat' dir='ltr'><strong>pars</strong></span> <span class='ocrx_word' id='word_1_153' title='bbox 1006 2671 1044 2719; x_wconf 88' lang='lat' dir='ltr'><strong>ea</strong></span> <span class='ocrx_word' id='word_1_154' title='bbox 1069 2653 1212 2742; x_wconf 89' lang='lat' dir='ltr'><strong>corporis</strong></span> <span class='ocrx_word' id='word_1_155' title='bbox 1229 2654 1284 2737; x_wconf 69' lang='lat' dir='ltr'><strong>ubi</strong></span> 
     </span>
     <span class='ocr_line' id='line_1_22' title="bbox 212 2745 1284 2846; baseline 0.003 -19"><span class='ocrx_word' id='word_1_156' title='bbox 212 2778 327 2827; x_wconf 89' lang='lat' dir='ltr'><strong>sensus</strong></span> <span class='ocrx_word' id='word_1_157' title='bbox 340 2759 511 2827; x_wconf 89' lang='lat' dir='ltr'><strong>collocatus</strong></span> <span class='ocrx_word' id='word_1_158' title='bbox 522 2771 571 2827; x_wconf 90' lang='lat' dir='ltr'><strong>est</strong></span> <span class='ocrx_word' id='word_1_159' title='bbox 585 2761 651 2826; x_wconf 90' lang='lat' dir='ltr'><strong>sola</strong></span> <span class='ocrx_word' id='word_1_160' title='bbox 663 2745 846 2846; x_wconf 86' lang='lat' dir='ltr'><strong>impellitur.</strong></span> <span class='ocrx_word' id='word_1_161' title='bbox 870 2756 1033 2826; x_wconf 79' lang='lat' dir='ltr'><strong>Namtum</strong></span> <span class='ocrx_word' id='word_1_162' title='bbox 1054 2759 1185 2829; x_wconf 89' lang='lat' dir='ltr'><strong>demum</strong></span> <span class='ocrx_word' id='word_1_163' title='bbox 1209 2780 1284 2830; x_wconf 82' lang='lat' dir='ltr'><strong>uere</strong></span> 
     </span>
     <span class='ocr_line' id='line_1_23' title="bbox 213 2865 1283 2955; baseline 0.005 -24"><span class='ocrx_word' id='word_1_164' title='bbox 213 2875 244 2932; x_wconf 92' lang='lat' dir='ltr'><strong>et</strong></span> <span class='ocrx_word' id='word_1_165' title='bbox 257 2865 402 2934; x_wconf 86' lang='lat' dir='ltr'><strong>absolute</strong></span> <span class='ocrx_word' id='word_1_166' title='bbox 430 2865 633 2955; x_wconf 85' lang='lat' dir='ltr'><strong>percipimus,</strong></span> <span class='ocrx_word' id='word_1_167' title='bbox 650 2865 704 2932; x_wconf 91' lang='lat' dir='ltr'><strong>ubi</strong></span> <span class='ocrx_word' id='word_1_168' title='bbox 721 2885 812 2932; x_wconf 91' lang='lat' dir='ltr'><strong>mens</strong></span> <span class='ocrx_word' id='word_1_169' title='bbox 828 2867 896 2953; x_wconf 89' lang='lat' dir='ltr'><strong>ipsa</strong></span> <span class='ocrx_word' id='word_1_170' title='bbox 917 2884 1096 2953; x_wconf 87' lang='lat' dir='ltr'><strong>persensus</strong></span> <span class='ocrx_word' id='word_1_171' title='bbox 1115 2867 1200 2934; x_wconf 84' lang='lat' dir='ltr'><strong>velut</strong></span> <span class='ocrx_word' id='word_1_172' title='bbox 1225 2887 1283 2936; x_wconf 78' lang='lat' dir='ltr'><strong>ex-</strong></span> 
     </span>
     <span class='ocr_line' id='line_1_24' title="bbox 140 2965 1280 3061; baseline 0.004 -23"><span class='ocrx_word' id='word_1_173' title='bbox 140 2965 145 2976; x_wconf 86' lang='lat'>&#39;</span> <span class='ocrx_word' id='word_1_174' title='bbox 213 2973 386 3061; x_wconf 89' lang='lat' dir='ltr'><strong>ploratores</strong></span> <span class='ocrx_word' id='word_1_175' title='bbox 413 2981 446 3040; x_wconf 88' lang='lat' dir='ltr'><strong>et</strong></span> <span class='ocrx_word' id='word_1_176' title='bbox 475 2971 605 3040; x_wconf 91' lang='lat' dir='ltr'><strong>nuntios</strong></span> <span class='ocrx_word' id='word_1_177' title='bbox 639 2971 840 3038; x_wconf 86' lang='lat' dir='ltr'><strong>admonetur.</strong></span> <span class='ocrx_word' id='word_1_178' title='bbox 870 2968 980 3058; x_wconf 85' lang='lat' dir='ltr'><strong>ltaque</strong></span> <span class='ocrx_word' id='word_1_179' title='bbox 1015 2971 1122 3040; x_wconf 87' lang='lat' dir='ltr'><strong>Strato</strong></span> <span class='ocrx_word' id='word_1_180' title='bbox 1148 2993 1213 3042; x_wconf 91' lang='lat' dir='ltr'><strong>non</strong></span> <span class='ocrx_word' id='word_1_181' title='bbox 1240 2973 1280 3042; x_wconf 90' lang='lat' dir='ltr'><strong>ad</strong></span> 
     </span>
     <span class='ocr_line' id='line_1_25' title="bbox 213 3076 1283 3166; baseline 0.003 -20"><span class='ocrx_word' id='word_1_182' title='bbox 213 3080 334 3160; x_wconf 90' lang='lat' dir='ltr'><strong>oculos,</strong></span> <span class='ocrx_word' id='word_1_183' title='bbox 348 3091 501 3147; x_wconf 65' lang='lat' dir='ltr'><strong>autnare-</strong></span> <span class='ocrx_word' id='word_1_184' title='bbox 514 3091 566 3146; x_wconf 90' lang='lat' dir='ltr'><strong>aut</strong></span> <span class='ocrx_word' id='word_1_185' title='bbox 577 3077 669 3144; x_wconf 90' lang='lat' dir='ltr'><strong>aliam</strong></span> <span class='ocrx_word' id='word_1_186' title='bbox 685 3076 860 3166; x_wconf 89' lang='lat' dir='ltr'><strong>quamlibet</strong></span> <span class='ocrx_word' id='word_1_187' title='bbox 870 3076 1013 3166; x_wconf 90' lang='lat' dir='ltr'><strong>corporis</strong></span> <span class='ocrx_word' id='word_1_188' title='bbox 1022 3092 1142 3165; x_wconf 85' lang='lat' dir='ltr'><strong>partem</strong></span> <span class='ocrx_word' id='word_1_189' title='bbox 1151 3100 1283 3149; x_wconf 86' lang='lat' dir='ltr'><strong>sensum</strong></span> 
     </span>
     <span class='ocr_line' id='line_1_26' title="bbox 211 3183 1372 3273; baseline 0.001 -20"><span class='ocrx_word' id='word_1_190' title='bbox 211 3185 378 3265; x_wconf 79' lang='lat' dir='ltr'><strong>rescrebat,</strong></span> <span class='ocrx_word' id='word_1_191' title='bbox 394 3196 428 3252; x_wconf 88' lang='lat' dir='ltr'><strong>ut</strong></span> <span class='ocrx_word' id='word_1_192' title='bbox 443 3186 538 3252; x_wconf 82' lang='lat' dir='ltr'><strong>relect</strong></span> <span class='ocrx_word' id='word_1_193' title='bbox 552 3185 729 3266; x_wconf 67' lang='lat' dir='ltr'><strong>Lucretius</strong></span> <span class='ocrx_word' id='word_1_194' title='bbox 746 3183 881 3272; x_wconf 87' lang='lat' dir='ltr'><strong>Epicuro</strong></span> <span class='ocrx_word' id='word_1_195' title='bbox 893 3183 1067 3273; x_wconf 90' lang='lat' dir='ltr'><strong>discipulus</strong></span> <span class='ocrx_word' id='word_1_196' title='bbox 1091 3184 1206 3266; x_wconf 84' lang='lat' dir='ltr'><strong>fidelis,</strong></span> <span class='ocrx_word' id='word_1_197' title='bbox 1222 3186 1280 3254; x_wconf 88' lang='lat' dir='ltr'><strong>sed</strong></span> <span class='ocrx_word' id='word_1_198' title='bbox 1367 3212 1372 3222; x_wconf 63' lang='lat'><strong><em>¹</em></strong></span> 
     </span>
     <span class='ocr_line' id='line_1_27' title="bbox 212 3291 1283 3381; baseline 0.002 -22"><span class='ocrx_word' id='word_1_199' title='bbox 212 3292 378 3380; x_wconf 77' lang='lat' dir='ltr'><strong>adipsum</strong></span> <span class='ocrx_word' id='word_1_200' title='bbox 402 3293 544 3360; x_wconf 87' lang='lat' dir='ltr'><strong>animum</strong></span> <span class='ocrx_word' id='word_1_201' title='bbox 561 3292 627 3380; x_wconf 88' lang='lat' dir='ltr'><strong>qui,</strong></span> <span class='ocrx_word' id='word_1_202' title='bbox 659 3312 715 3381; x_wconf 92' lang='lat' dir='ltr'><strong>per</strong></span> <span class='ocrx_word' id='word_1_203' title='bbox 734 3311 772 3360; x_wconf 85' lang='lat' dir='ltr'><strong>ea</strong></span> <span class='ocrx_word' id='word_1_204' title='bbox 796 3291 963 3372; x_wconf 87' lang='lat' dir='ltr'><strong>loramina,</strong></span> <span class='ocrx_word' id='word_1_205' title='bbox 992 3300 1124 3358; x_wconf 80' lang='lat' dir='ltr'><strong>externa</strong></span> <span class='ocrx_word' id='word_1_206' title='bbox 1148 3312 1283 3380; x_wconf 77' lang='lat' dir='ltr'><strong>qumque</strong></span> 
     </span>
     <span class='ocr_line' id='line_1_28' title="bbox 213 3396 1281 3490; baseline 0 -24"><span class='ocrx_word' id='word_1_207' title='bbox 213 3400 363 3490; x_wconf 89' lang='lat' dir='ltr'><strong>prospicit</strong></span> <span class='ocrx_word' id='word_1_208' title='bbox 387 3410 466 3468; x_wconf 89' lang='lat' dir='ltr'><strong>etse</strong></span> <span class='ocrx_word' id='word_1_209' title='bbox 481 3410 616 3467; x_wconf 81' lang='lat' dir='ltr'><strong>exercet.</strong></span> <span class='ocrx_word' id='word_1_210' title='bbox 645 3397 722 3466; x_wconf 89' lang='lat' dir='ltr'><strong>Inde</strong></span> <span class='ocrx_word' id='word_1_211' title='bbox 744 3398 864 3466; x_wconf 90' lang='lat' dir='ltr'><strong>dictum</strong></span> <span class='ocrx_word' id='word_1_212' title='bbox 890 3397 929 3464; x_wconf 90' lang='lat' dir='ltr'><strong>ab</strong></span> <span class='ocrx_word' id='word_1_213' title='bbox 954 3396 1142 3486; x_wconf 87' lang='lat' dir='ltr'><strong>Epicharmo</strong></span> <span class='ocrx_word' id='word_1_214' title='bbox 1155 3408 1248 3487; x_wconf 79' lang='lat' dir='ltr'><strong>poete</strong></span> <span class='ocrx_word' id='word_1_215' title='bbox 1272 3424 1281 3466; x_wconf 77' lang='grc' dir='ltr'><strong>ι</strong></span> 
     </span>
     <span class='ocr_line' id='line_1_29' title="bbox 216 3504 1281 3593; baseline 0.001 -23"><span class='ocrx_word' id='word_1_216' title='bbox 216 3533 231 3570; x_wconf 77' lang='lat' dir='ltr'><strong>o</strong></span> <span class='ocrx_word' id='word_1_217' title='bbox 257 3505 462 3588; x_wconf 87' lang='lat' dir='ltr'><strong>Meusvidet,</strong></span> <span class='ocrx_word' id='word_1_218' title='bbox 483 3525 574 3574; x_wconf 91' lang='lat' dir='ltr'><strong>mens</strong></span> <span class='ocrx_word' id='word_1_219' title='bbox 597 3504 703 3586; x_wconf 87' lang='lat' dir='ltr'><strong>audit;</strong></span> <span class='ocrx_word' id='word_1_220' title='bbox 732 3516 838 3573; x_wconf 90' lang='lat' dir='ltr'><strong>cetera</strong></span> <span class='ocrx_word' id='word_1_221' title='bbox 865 3525 952 3574; x_wconf 87' lang='lat' dir='ltr'><strong>coeca</strong></span> <span class='ocrx_word' id='word_1_222' title='bbox 976 3507 1135 3593; x_wconf 85' lang='lat' dir='ltr'><strong>surdaque</strong></span> <span class='ocrx_word' id='word_1_223' title='bbox 1148 3516 1243 3586; x_wconf 86' lang='lat' dir='ltr'><strong>sunt;</strong></span> <span class='ocrx_word' id='word_1_224' title='bbox 1264 3530 1281 3571; x_wconf 73' lang='lat' dir='ltr'><strong>s</strong></span> 
     </span>
    </p>
   </div>
   <div class='ocr_carea' id='block_1_3' title="bbox 173 3599 1287 4240">
    <p class='ocr_par' dir='ltr' id='par_1_3' title="bbox 173 3599 1287 4240">
     <span class='ocr_line' id='line_1_30' title="bbox 214 3599 1285 3701; baseline 0.001 -22"><span class='ocrx_word' id='word_1_225' title='bbox 214 3613 269 3701; x_wconf 88' lang='lat' dir='ltr'><strong>qui</strong></span> <span class='ocrx_word' id='word_1_226' title='bbox 298 3631 410 3681; x_wconf 82' lang='lat' dir='ltr'><strong>versus</strong></span> <span class='ocrx_word' id='word_1_227' title='bbox 426 3599 617 3680; x_wconf 86' lang='lat' dir='ltr'><strong>¹verissimus</strong></span> <span class='ocrx_word' id='word_1_228' title='bbox 644 3611 736 3679; x_wconf 89' lang='lat' dir='ltr'><strong>nobis</strong></span> <span class='ocrx_word' id='word_1_229' title='bbox 759 3611 940 3692; x_wconf 85' lang='lat' dir='ltr'><strong>habebitur,</strong></span> <span class='ocrx_word' id='word_1_230' title='bbox 965 3613 992 3680; x_wconf 90' lang='lat' dir='ltr'><strong>si</strong></span> <span class='ocrx_word' id='word_1_231' title='bbox 1015 3613 1109 3680; x_wconf 90' lang='lat' dir='ltr'><strong>modo</strong></span> <span class='ocrx_word' id='word_1_232' title='bbox 1132 3612 1285 3700; x_wconf 78' lang='lat' dir='ltr'><strong>adieceris</strong></span> 
     </span>
     <span class='ocr_line' id='line_1_31' title="bbox 173 3718 1282 3804; baseline 0.004 -20"><span class='ocrx_word' id='word_1_233' title='bbox 173 3799 180 3804; x_wconf 20' lang='grc' dir='ltr'>ι</span> <span class='ocrx_word' id='word_1_234' title='bbox 210 3719 355 3786; x_wconf 69' lang='lat' dir='ltr'><strong>destincte</strong></span> <span class='ocrx_word' id='word_1_235' title='bbox 369 3718 520 3786; x_wconf 83' lang='lat' dir='ltr'><strong>videncet</strong></span> <span class='ocrx_word' id='word_1_236' title='bbox 533 3719 642 3786; x_wconf 83' lang='lat' dir='ltr'><strong>audire</strong></span> <span class='ocrx_word' id='word_1_237' title='bbox 662 3732 817 3787; x_wconf 91' lang='lat' dir='ltr'><strong>mentem.</strong></span> <span class='ocrx_word' id='word_1_238' title='bbox 844 3718 966 3786; x_wconf 88' lang='lat' dir='ltr'><strong>Sensus</strong></span> <span class='ocrx_word' id='word_1_239' title='bbox 982 3720 1069 3786; x_wconf 87' lang='lat' dir='ltr'><strong>enim</strong></span> <span class='ocrx_word' id='word_1_240' title='bbox 1085 3718 1146 3786; x_wconf 91' lang='lat' dir='ltr'><strong>sibi</strong></span> <span class='ocrx_word' id='word_1_241' title='bbox 1160 3720 1215 3786; x_wconf 92' lang='lat' dir='ltr'><strong>uni</strong></span> <span class='ocrx_word' id='word_1_242' title='bbox 1228 3739 1282 3788; x_wconf 91' lang='lat' dir='ltr'><strong>re-</strong></span> 
     </span>
     <span class='ocr_line' id='line_1_32' title="bbox 212 3825 1281 3915; baseline 0.002 -22"><span class='ocrx_word' id='word_1_243' title='bbox 212 3826 317 3902; x_wconf 90' lang='lat' dir='ltr'><strong>lictus,</strong></span> <span class='ocrx_word' id='word_1_244' title='bbox 334 3826 401 3915; x_wconf 89' lang='lat' dir='ltr'><strong>ipse</strong></span> <span class='ocrx_word' id='word_1_245' title='bbox 415 3847 539 3914; x_wconf 89' lang='lat' dir='ltr'><strong>quoquc</strong></span> <span class='ocrx_word' id='word_1_246' title='bbox 553 3825 650 3907; x_wconf 85' lang='lat' dir='ltr'><strong>videt,</strong></span> <span class='ocrx_word' id='word_1_247' title='bbox 667 3826 722 3892; x_wconf 88' lang='lat' dir='ltr'><strong>sed</strong></span> <span class='ocrx_word' id='word_1_248' title='bbox 744 3845 795 3892; x_wconf 89' lang='lat' dir='ltr'><strong>res</strong></span> <span class='ocrx_word' id='word_1_249' title='bbox 810 3825 843 3891; x_wconf 94' lang='lat' dir='ltr'><strong>in</strong></span> <span class='ocrx_word' id='word_1_250' title='bbox 867 3846 901 3892; x_wconf 91' lang='lat' dir='ltr'><strong>se</strong></span> <span class='ocrx_word' id='word_1_251' title='bbox 922 3825 1031 3913; x_wconf 85' lang='lat' dir='ltr'><strong>recipit</strong></span> <span class='ocrx_word' id='word_1_252' title='bbox 1052 3846 1116 3892; x_wconf 94' lang='lat' dir='ltr'><strong>non</strong></span> <span class='ocrx_word' id='word_1_253' title='bbox 1134 3825 1212 3892; x_wconf 91' lang='lat' dir='ltr'><strong>satis</strong></span> <span class='ocrx_word' id='word_1_254' title='bbox 1226 3846 1281 3896; x_wconf 81' lang='lat' dir='ltr'><strong>ex·</strong></span> 
     </span>
     <span class='ocr_line' id='line_1_33' title="bbox 214 3930 1282 4022; baseline 0.005 -23"><span class='ocrx_word' id='word_1_255' title='bbox 214 3953 339 4022; x_wconf 86' lang='lat' dir='ltr'><strong>prcssas</strong></span> <span class='ocrx_word' id='word_1_256' title='bbox 350 3946 380 4001; x_wconf 89' lang='lat' dir='ltr'><strong>et</strong></span> <span class='ocrx_word' id='word_1_257' title='bbox 393 3932 557 4000; x_wconf 90' lang='lat' dir='ltr'><strong>dilucidas.</strong></span> <span class='ocrx_word' id='word_1_258' title='bbox 575 3930 650 3999; x_wconf 90' lang='lat' dir='ltr'><strong>Ideo</strong></span> <span class='ocrx_word' id='word_1_259' title='bbox 665 3933 704 3998; x_wconf 92' lang='lat' dir='ltr'><strong>de</strong></span> <span class='ocrx_word' id='word_1_260' title='bbox 723 3931 890 4000; x_wconf 66' lang='lat' dir='ltr'><strong>infantulis,</strong></span> <span class='ocrx_word' id='word_1_261' title='bbox 906 3930 1047 3998; x_wconf 80' lang='lat' dir='ltr'><strong>dictum:</strong></span> <span class='ocrx_word' id='word_1_262' title='bbox 1080 3931 1188 3998; x_wconf 80' lang='lat' dir='ltr'><strong>vilent</strong></span> <span class='ocrx_word' id='word_1_263' title='bbox 1214 3952 1282 4005; x_wconf 88' lang='lat' dir='ltr'><strong>non</strong></span> 
     </span>
     <span class='ocr_line' id='line_1_34' title="bbox 212 4037 1286 4125; baseline -0.003 -18"><span class='ocrx_word' id='word_1_264' title='bbox 212 4050 359 4108; x_wconf 89' lang='lat' dir='ltr'><strong>cernunt.</strong></span> <span class='ocrx_word' id='word_1_265' title='bbox 380 4039 461 4107; x_wconf 90' lang='lat' dir='ltr'><strong>lllud</strong></span> <span class='ocrx_word' id='word_1_266' title='bbox 476 4051 581 4106; x_wconf 88' lang='lat' dir='ltr'><strong>autem</strong></span> <span class='ocrx_word' id='word_1_267' title='bbox 597 4039 714 4116; x_wconf 84' lang='lat' dir='ltr'><strong>videre,</strong></span> <span class='ocrx_word' id='word_1_268' title='bbox 732 4037 875 4125; x_wconf 84' lang='lat' dir='ltr'><strong>quamvis</strong></span> <span class='ocrx_word' id='word_1_269' title='bbox 887 4038 956 4105; x_wconf 89' lang='lat' dir='ltr'><strong>sine</strong></span> <span class='ocrx_word' id='word_1_270' title='bbox 971 4038 1170 4125; x_wconf 88' lang='lat' dir='ltr'><strong>perceptione</strong></span> <span class='ocrx_word' id='word_1_271' title='bbox 1185 4037 1286 4125; x_wconf 69' lang='grc' dir='ltr'>(ἐπαίσ</span> 
     </span>
     <span class='ocr_line' id='line_1_35' title="bbox 213 4143 1287 4240; baseline 0.007 -32"><span class='ocrx_word' id='word_1_272' title='bbox 213 4143 308 4240; x_wconf 61' lang='lat' dir='ltr'><strong>doctr)</strong></span> <span class='ocrx_word' id='word_1_273' title='bbox 324 4147 373 4216; x_wconf 86' lang='lat' dir='ltr'><strong>rel</strong></span> <span class='ocrx_word' id='word_1_274' title='bbox 386 4148 562 4230; x_wconf 88' lang='lat' dir='ltr'><strong>intellectu,</strong></span> <span class='ocrx_word' id='word_1_275' title='bbox 576 4167 691 4215; x_wconf 90' lang='lat' dir='ltr'><strong>sensus</strong></span> <span class='ocrx_word' id='word_1_276' title='bbox 706 4157 766 4214; x_wconf 86' lang='lat' dir='ltr'><strong>est.</strong></span> <span class='ocrx_word' id='word_1_277' title='bbox 792 4143 842 4214; x_wconf 91' lang='lat' dir='ltr'><strong>Ne</strong></span> <span class='ocrx_word' id='word_1_278' title='bbox 855 4144 951 4234; x_wconf 83' lang='lat' dir='ltr'><strong>igitur</strong></span> <span class='ocrx_word' id='word_1_279' title='bbox 964 4145 1145 4212; x_wconf 86' lang='lat' dir='ltr'><strong>committas</strong></span> <span class='ocrx_word' id='word_1_280' title='bbox 1159 4155 1194 4212; x_wconf 92' lang='lat' dir='ltr'><strong>ut</strong></span> <span class='ocrx_word' id='word_1_281' title='bbox 1215 4165 1287 4233; x_wconf 86' lang='lat' dir='ltr'><strong>pro-</strong></span> 
     </span>
    </p>
   </div>
   <div class='ocr_carea' id='block_1_4' title="bbox 0 0 1600 5475">
    <p class='ocr_par' dir='ltr' id='par_1_4' title="bbox 0 0 1600 5475">
     <span class='ocr_line' id='line_1_36' title="bbox 0 0 1600 5475; baseline 0 0"><span class='ocrx_word' id='word_1_282' title='bbox 0 0 1600 5475; x_wconf 95' lang='lat' dir='ltr'><strong> </strong></span> 
     </span>
    </p>
   </div>
  </div>
 </body>
</html>
