3192 5475
738 575 917 645 ..50-

543 773 644 839 llltclie
659 772 795 847 lttslltlam
808 776 952 835 ΜΝ...

339 913 403 983 lsta
413 912 543 1005 quidem
554 935 667 1006 parum
680 915 846 1006 sapientia,
871 936 976 1006 neque
1002 912 1204 985 mediocriter
1225 911 1364 981 admiror

295 1021 381 1109 quod
402 1021 607 1111 gravissimus
637 1022 857 1112 philosophus,
887 1021 1093 1102 Leibnitzius,
1109 1019 1363 1090 ldebnmetannm

295 1129 552 1217 superstitionem
564 1128 704 1198 reterens
716 1130 756 1197 de
769 1129 918 1199 Paradiso
932 1138 1105 1207 mutorum,
1121 1127 1226 1197 Deum
1251 1124 1362 1193 existi-

295 1234 427 1303 muueris
434 1234 569 1323 aliquam
577 1234 694 1305 debere
712 1235 774 1304 illis
786 1220 1365 1321 inalteravitaremunerationem(l'l)

294 1340 375 1410 Fere
385 1340 484 1423 enirn,
498 1350 534 1409 ut
545 1342 612 1431 ipse
624 1342 732 1424 bomo,
748 1342 851 1433 qualis
865 1341 1034 1412 aPascnlio
1048 1342 1192 1429 lingitur,
1208 1334 1363 1407 naturali·

294 1447 451 1516 busoeret
465 1446 638 1538 principiis;
652 1468 756 1537 neque
771 1448 943 1536 novitque
969 1448 1034 1517 sint
1060 1467 1119 1537 per
1144 1466 1179 1515 se
1201 1445 1285 1514 bonu
1310 1444 1365 1511 aul

296 1552 388 1622 malt.
405 1552 485 1623 Cum
496 1572 572 1624 vero
584 1554 820 1624 intellectunon
833 1554 984 1643 indigeat,
1000 1552 1199 1642 disciplinam
1216 1564 1247 1622 et
1272 1548 1363 1617 insti-

294 1660 449 1729 tutionem
461 1660 581 1748 recipit.
599 1660 677 1729 lndc
698 1661 734 1727 fit
746 1671 781 1729 ut
795 1680 874 1729 usus
896 1670 929 1728 et
945 1658 1137 1748 experientia
1151 1658 1266 1748 saepins
1279 1655 1364 1746 apud

293 1784 363 1835 eam
377 1786 569 1855 magnopere
582 1768 693 1835 valeat.
711 1768 792 1836 Puta
812 1766 899 1835 enim
922 1768 1004 1835 duos
1029 1785 1125 1835 canes
1151 1764 1274 1833 lurtum
1299 1782 1362 1832 nna

292 1872 503 1955 committere,
532 1884 565 1943 et
591 1872 779 1942 alterutrum
797 1873 839 1940 ab
864 1872 1035 1961 improuiso
1059 1880 1142 1941 teste
1167 1870 1252 1939 iuste
1271 1869 1360 1939 caedi.

292 1976 387 2047 Canis
400 1978 525 2067 integer
535 1979 679 2067 apprime
705 1999 772 2048 rem
801 1978 960 2067 intelligit,
982 1998 1132 2066 nequese
1146 1975 1364 2065 rapinaeanci-

294 2085 351 2174 piti
365 2085 533 2153 conscium
545 2085 624 2152 alias
638 2084 801 2173 adjunget.
816 2083 938 2154 Natura
951 2085 1038 2153 enim
1051 2084 1094 2151 illi
1112 2083 1139 2151 si
1151 2084 1258 2151 minus
1269 2080 1367 2171 mqui-

293 2186 367 2260 tatis
378 2190 536 2261 notitiam.
552 2203 584 2259 at
597 2200 683 2261 certe
694 2190 944 2260 conservationis
955 2200 989 2259 et
1001 2190 1143 2259 utilitatis
1155 2210 1221 2259 suae
1234 2208 1365 2259 sensum

293 2296 450 2386 ingenuit,
468 2296 605 2387 ideoque
625 2296 710 2365 bona
733 2295 906 2387 ducitque
919 2296 1105 2385 expediunt,
1120 2296 1202 2367 mala
1215 2316 1286 2385 qne
1301 2316 1363 2366 no-

291 2402 716 2493 cent,ejusquetotavirtus
730 2404 763 2472 in
778 2424 818 2473 eo
836 2414 981 2473 versatur
1006 2413 1043 2471 nt
1068 2401 1150 2471 absit
1174 2404 1306 2481 amolo:
1332 2412 1365 2471 et

292 2509 393 2579 aberit
404 2510 506 2600 primo
528 2510 651 2600 iegibus
675 2511 716 2580 ab
747 2509 878 2579 homine
902 2509 985 2578 datis
1010 2508 1197 2592 obsecutus,
1221 2508 1365 2599 quamvis

294 2617 401 2705 legum
419 2636 530 2686 earum
543 2638 670 2687 causam
696 2626 753 2685 aut
773 2617 957 2705 equitatem
983 2614 1114 2685 minime
1138 2615 1303 2704 dispiciat:
1319 2615 1365 2684 sic

292 2722 397 2814 jubet,
412 2723 452 2792 sit
465 2744 522 2814 pro
540 2724 664 2792 ratione
676 2723 862 2792 voluntas...
883 2720 998 2794 deinde
1012 2721 1137 2791 utilitati
1159 2743 1226 2793 suae
1249 2743 1364 2793 consu·

293 2832 375 2912 lens,
392 2849 602 2919 quaesumme
629 2830 684 2900 lex
709 2829 794 2919 apud
812 2829 950 2919 pecudes
973 2842 1006 2899 et
1030 2827 1168 2899 Heluetii
1195 2828 1364 2920 discipulos

292 2937 399 3007 locum
411 2936 539 3004 virtutis
549 2934 683 3005 obtinet.

339 3040 432 3125 Quod
447 3061 521 3110 sere
532 3041 622 3110 bruta
631 3042 735 3112 Deum
746 3041 963 3135 ignorant(l8)
977 3063 1040 3113 non
1050 3043 1119 3132 jam
1131 3042 1361 3112 admirandum.

292 3148 338 3219 lia
350 3148 425 3218 enin
439 3149 527 3217 notio
543 3147 618 3220 boni
632 3162 662 3220 et
674 3149 802 3218 virtutis
820 3149 961 3219 scientie
987 3149 1244 3240 conjunctissime
1263 3156 1364 3231 estet

292 3255 346 3324 illa
357 3274 392 3324 re
411 3251 488 3345 (non
502 3255 603 3325 ausim
618 3255 723 3326 dicere
735 3257 851 3338 solnm,
866 3267 903 3324 ut
911 3255 1106 3346 lactantius)
1116 3254 1184 3347 (lu)
1198 3254 1254 3326 sed
1263 3256 1363 3346 potis·

292 3361 410 3431 simum
423 3362 500 3430 lere
510 3362 551 3429 ab
563 3363 691 3431 bomine
702 3361 831 3430 distant.
845 3361 991 3431 Pessime
1001 3383 1077 3432 vero
1091 3362 1311 3444 ratiocinetur,
1323 3359 1366 3428 ait

292 3467 494 3550 Plutarchus,
511 3468 538 3536 si
558 3469 632 3556 quis
653 3489 694 3538 ex
716 3489 753 3536 ce
774 3468 853 3538 boni
878 3477 911 3537 et
935 3468 995 3538 Dei
1008 3469 1184 3557 ignorantia
1199 3467 1363 3538 concludat

271 3585 274 3592 '
292 3573 415 3643 nullum
439 3574 544 3642 inesse
562 3573 752 3642 animalibus
776 3574 985 3644 intellectum.
1006 3573 1190 3644 Intellectus
1204 3575 1292 3644 enim
1305 3575 1363 3643 bu·

184 3735 186 3738 .
291 3679 572 3750 maniercellentia
595 3681 706 3749 bestiae
731 3681 929 3751 intellectum
952 3683 1155 3772 quantumvis
1181 3682 1361 3751 inferiorem

291 3806 355 3855 non
371 3787 489 3868 abolet,
505 3785 774 3875 quemadmodum
788 3788 885 3856 bomo
899 3790 967 3878 ipse
987 3788 1109 3857 ualidus
1125 3798 1159 3858 et
1172 3787 1263 3877 agilis
1286 3807 1360 3876 per-

290 3903 410 3974 manet,
426 3891 570 3982 quamvis
584 3892 658 3962 lenae
672 3893 818 3981 quaedam
832 3915 906 3962 enm
924 3896 1033 3982 uigore
1052 3905 1085 3963 ct
1102 3894 1290 3983 pernicitate
1302 3915 1360 3963 su-

292 4007 415 4094 perent.
432 3997 616 4066 Absurdum
631 3998 739 4085 igitur,
753 3998 976 4088 quiabelluum
990 4000 1154 4070 intellectu
1166 4000 1277 4082 vincis,
1294 4012 1361 4068 stn-

290 4102 397 4192 pidam
411 4123 480 4172 eam
495 4103 611 4173 dicere.
630 4103 701 4173 Vox
715 4104 801 4174 enim
815 4104 875 4173 ista
897 4104 998 4173 ualeat
1018 4104 1105 4176 idem
1121 4106 1260 4195 quamsi
1275 4106 1361 4176 dicas

292 4209 457 4296 lroquutas
481 4209 585 4298 eloqui
604 4210 739 4293 nescire,
765 4221 932 4300 propterea
956 4213 1039 4298 quod
1064 4209 1185 4283 Gallico
1213 4233 1362 4284 sermone
