3192 5475
374 2270 567 2353 annuens,
584 2272 725 2341 doctrina
737 2274 881 2361 quamuis
899 2273 1056 2341 Platonica
1075 2293 1268 2362 magnopere
1280 2272 1388 2339 imbu-

330 2392 392 2457 em,
409 2378 587 2466 amagistre
601 2391 704 2447 tamen
725 2380 783 2447 luit
795 2380 932 2447 multum
947 2380 1107 2447 dissimilis
1118 2403 1126 2457 ;
1139 2401 1203 2447 nun
1217 2378 1303 2467 quod
1317 2378 1390 2467 plu-

327 2486 406 2552 rima
426 2485 510 2552 illins
523 2486 633 2572 placita
646 2498 878 2573 aspernaretur,
902 2485 957 2553 sed
973 2485 1099 2574 propria
1122 2485 1257 2574 quadam
1269 2484 1387 2572 ingenii

327 2592 377 2659 sni
393 2591 491 2659 lorma
503 2602 534 2659 et
554 2592 651 2658 veluti
663 2592 815 2659 doctrinae
836 2592 1096 2660 conformatione.
1112 2591 1193 2660 Cum
1207 2592 1293 2659 enim
1315 2591 1390 2659 Pla-

328 2708 361 2768 to
373 2698 438 2765 lere
453 2708 539 2766 totus
553 2700 584 2766 in
600 2699 666 2766 suis
694 2698 776 2766 ldeis
789 2698 913 2780 luisset,
932 2709 964 2766 et
986 2698 1026 2766 ad
1049 2700 1188 2768 coelestia
1203 2699 1392 2788 plerumque

327 2825 510 2886 conversus,
525 2804 595 2872 ideo
608 2815 731 2872 tautum
746 2805 906 2873 terrestria
922 2805 1077 2893 attigisset
1088 2817 1124 2873 ut
1138 2805 1280 2872 idearum
1308 2805 1391 2870 ima-

327 2910 445 2999 ginem,
470 2911 686 2998 imperfectam
701 2911 774 2979 licet
790 2922 823 2980 ct
836 2912 926 2999 quasi
940 2912 1171 2993 adumbratam,
1189 2912 1272 2978 inter
1282 2911 1389 2977 hemi-

329 3037 387 3084 nes
408 3026 663 3105 persequeretur,
688 3018 781 3105 longe
806 3018 866 3085 alia
888 3019 948 3084 luit
967 3018 1046 3085 ratio
1068 3019 1233 3106 stagiritae.
1260 3015 1333 3085 Non
1358 3016 1390 3083 in

329 3123 444 3192 coelum
465 3123 632 3212 praecipue,
657 3124 825 3193 Platonicae
853 3124 1059 3213 philosophiae
1085 3146 1201 3206 arcem,
1225 3123 1394 3212 cogitatio-

331 3251 387 3298 nes
399 3251 471 3298 suas
483 3231 691 3311 contulit,sed
702 3230 1018 3299 libentiuscnnlinuit
1027 3231 1058 3296 in
1069 3231 1170 3298 terris.
1180 3230 1272 3298 Unus
1282 3228 1392 3296 mundi

330 3337 389 3404 suh
410 3337 602 3405 intellectum
621 3338 763 3405 cadentis
783 3338 903 3405 exstitit
926 3337 1094 3426 interpres,
1121 3338 1202 3404 aller
1224 3337 1294 3424 ejus
1310 3353 1390 3424 prae-

330 3443 439 3511 sertim
451 3464 546 3530 quem
564 3464 676 3510 seusus
690 3444 784 3532 capit,
807 3454 839 3511 et
851 3455 980 3531 quanto,
997 3463 1048 3510 me
1073 3442 1152 3510 Dius
1166 3443 1271 3524 lidius,
1297 3443 1390 3529 inge-

329 3549 374 3616 nii
387 3548 512 3637 vigore!
543 3548 596 3616 Sic
618 3549 826 3615 animantium
854 3550 995 3616 omnium
1019 3559 1120 3629 ortus,
1136 3548 1249 3629 victus,
1277 3549 1395 3637 ugnus

331 3672 495 3724 recensere
507 3655 638 3722 adorsus
650 3665 698 3722 est
711 3679 719 3736 ;
734 3655 778 3721 sic
795 3655 939 3723 lromines
953 3656 1088 3724 etbruta
1110 3665 1176 3721 tam
1199 3654 1262 3722 acri
1287 3654 1392 3723 studio

331 3773 363 3830 et
396 3761 576 3829 inveniendi
599 3761 765 3848 sagacitate
791 3762 976 3849 exploravit,
1004 3761 1089 3828 unde
1115 3782 1166 3829 res
1190 3762 1330 3830 attulerit
1352 3762 1390 3827 de

330 3869 389 3936 lrac
402 3878 510 3936 nostra
524 3868 697 3955 quaestione
708 3868 834 3954 copiose
845 3868 1079 3956 prudenterque
1090 3867 1252 3955 cogitatas.

374 3974 663 4055 Questamencum
678 3973 709 4039 in
734 3973 865 4042 diversis
883 3974 1034 4062 operibus
1056 3972 1201 4053 ediderit,
1227 3972 1388 4039 interdum

330 4080 391 4148 sibi
414 4081 520 4149 minus
547 4091 692 4150 constare
719 4080 853 4149 ridetur.
883 4081 1008 4149 Etenim
1042 4080 1074 4146 in
1098 4079 1223 4168 scriptis
1248 4078 1301 4145 ubi
1321 4099 1391 4165 spe-

216 4180 229 4198 ”
330 4186 463 4258 eulativa
491 4187 637 4277 explicat,
668 4186 727 4256 sibi
752 4187 882 4277 quidem
906 4188 974 4276 ipse
996 4187 1154 4267 convenit,
1182 4183 1238 4254 sed
1265 4184 1389 4254 veritati
