3192 5475
740 438 919 510 ..28-

290 604 356 655 nuo
367 583 500 679 rationis
513 604 641 676 quoque
658 584 777 655 auxilio
790 593 938 655 moretur
961 592 994 654 et
1014 583 1113 675 cupit.
1142 582 1237 669 Quod
1261 598 1364 672 secuti

291 690 433 782 plerique
455 690 554 760 Stoici
576 690 714 762 Zenonis
728 691 919 761 sententiam
932 690 1070 781 amplexi
1084 700 1171 774 sunt,
1190 693 1362 784 perturba-

289 806 394 877 tiones
406 804 504 875 animi
519 828 589 877 esse
600 807 719 897 judicia
734 806 745 897 (
758 804 880 898 κρίσεις)
901 818 934 877 et
947 807 1116 898 opiniones
1141 798 1274 899 (δόξας),
1298 830 1360 877 una

291 912 536 985 commiscentes
550 934 621 1004 quaa
632 912 722 983 Plato
742 912 927 1002 diligentius
941 923 1129 995 cccccccccc,
1143 925 1251 983 motus
1267 916 1363 983 animi

292 1016 358 1092 uon
370 1018 485 1109 rationi
495 1022 549 1091 sed
564 1021 619 1090 irae
629 1031 685 1110 aut
696 1019 863 1111 cupiditati
876 1020 1066 1090 attribuens.
1083 1020 1362 1105 Quemadmodum

289 1154 365 1242 rero
390 1134 489 1205 Stoici
511 1136 572 1205 tria
594 1134 709 1204 animae
739 1136 897 1204 elementa
935 1132 1178 1230 (ἐπιθυμητικόν,
1198 1131 1359 1228 θυμοειδές,

291 1246 428 1331 νοητικὸν
444 1250 530 1340 apud
547 1246 727 1327 Platonem,
745 1247 923 1343 ἡγεμονικὸν
936 1252 1020 1343 apud
1039 1250 1216 1342 Zenonem)
1229 1273 1294 1322 nou
1309 1252 1364 1323 tri·

295 1346 413 1451 partito
426 1352 634 1439 collocabant,
651 1379 752 1449 unum
767 1356 929 1449 incapite,
945 1360 1080 1428 alterum
1094 1359 1125 1427 iu
1141 1370 1280 1449 pectore,
1296 1368 1363 1429 ter·

293 1464 370 1533 tiam
382 1462 492 1533 subter
505 1464 689 1556 precordia,
704 1464 760 1533 sed
784 1464 818 1533 in
841 1487 905 1535 uno
928 1466 1164 1556 conjungebant
1183 1464 1290 1548 corde,
1317 1465 1363 1535 sic

294 1568 334 1640 ad
358 1571 471 1641 animae
500 1570 619 1661 regiam
643 1584 764 1663 partem
788 1571 873 1661 ipsas
892 1571 1039 1641 libidines
1065 1572 1215 1641 volebant
1237 1572 1358 1642 referri.

221 1702 224 1710 ·
295 1660 400 1762 Quem
421 1658 525 1746 lo'cum
544 1677 658 1747 Stoicae
676 1675 852 1768 discipline
866 1678 1000 1773 copiose
1013 1678 1363 1749 tmcrauit'lusculaua-

293 1794 369 1855 rum'
379 1784 593 1881 quaestionum
608 1795 720 1879 auctor
738 1810 745 1853 ε
765 1812 780 1848 u
803 1797 852 1854 est
861 1786 958 1875 igitur
969 1786 1123 1878 aegritudo
1136 1786 1244 1880 opinio
1253 1807 1365 1879 recens

292 1890 367 1961 mali
374 1891 552 1983 praesentis.
584 1891 692 1961 Metus
705 1892 812 1983 opinio
826 1893 1037 1982 impendentis
1051 1893 1147 1977 mali3
1164 1892 1273 1975 libido,
1288 1880 1365 1988 opiss

291 1999 346 2073 nio
359 1998 487 2068 venturi
500 1997 589 2081 boni,
614 2009 704 2068 etc...
735 1998 905 2091 »denique
928 2021 1039 2070 omnes
1061 2001 1313 2091 perturbationes
1324 1982 1363 2070 ei

294 2104 434 2195 opinatis
447 2104 539 2173 malis
560 2102 691 2174 bonisre
710 2106 867 2174 oriuntur.
889 2146 930 2157 -
951 2108 994 2176 bt
1008 2106 1106 2190 enim,
1133 2108 1249 2178 dixerit
1271 2108 1361 2199 quis-

293 2211 391 2303 piam,
413 2209 570 2300 uomquid
591 2212 687 2282 habet
701 2213 761 2281 ista
785 2213 905 2303 opinio,
922 2234 1006 2304 saepe
1020 2235 1126 2305 praua,
1143 2215 1297 2305 cumipse
1309 2236 1365 2283 ra-

293 2317 381 2387 tione
405 2336 586 2405 commune,
613 2340 684 2410 quae
714 2314 840 2409 semper
856 2321 1100 2389 ,recreenta-
1120 2320 1219 2391 Stoici
1237 2320 1363 2411 quidem

292 2420 477 2513 opinionem
500 2424 649 2494 volebant
673 2446 744 2495 esse
766 2427 984 2498 assensionem
999 2425 1187 2496 imbecillam
1200 2438 1233 2495 et
1255 2417 1364 2495 falsam

293 2530 378 2629 baud
394 2530 516 2629 semel;
534 2530 590 2601 sed
604 2532 728 2621 etiamsi
742 2532 820 2601 salsa
846 2531 899 2617 sit,
915 2534 1057 2605 hancilli
1072 2554 1146 2602 eum
1158 2534 1365 2623 rationeque

293 2637 464 2706 dammodo
475 2638 634 2727 copulant.
647 2638 721 2707 Non
733 2640 818 2727 quod
833 2661 941 2709 verum
955 2652 986 2709 et
997 2640 1112 2708 falsum
1121 2660 1222 2708 unum
1234 2648 1267 2708 et
1280 2640 1364 2709 idem

292 2763 365 2816 osse
380 2745 565 2828 defendant,
583 2746 639 2814 sed
652 2747 726 2835 quia
738 2749 824 2817 hunc
835 2768 937 2816 unum
951 2748 1027 2817 falsa
1037 2749 1158 2838 opinari
1169 2748 1365 2818 arbitrentur

292 2852 346 2942 qui
358 2852 459 2942 possit
469 2873 541 2922 vero
552 2863 585 2921 et
597 2863 683 2922 certa
691 2854 877 2943 intelligere.
888 2855 923 2923 Si
938 2855 1094 2943 quaenim
1103 2856 1259 2924 contraria
1274 2865 1360 2937 sunt,

292 2968 443 3028 neutmm
458 2947 563 3048 potest
577 2960 647 3028 sine
659 2962 759 3048 altero
772 2961 854 3051 apud
871 2961 1008 3050 aliquem
1021 2962 1169 3031 existere.
1186 2949 1364 3051 ltajustitia⁴

300 3075 388 3136 caret
401 3065 455 3156 qui
468 3085 532 3134 uon
551 3076 600 3136 est
622 3075 654 3135 et
679 3064 802 3156 injuriae
820 3088 930 3158 capax,
954 3089 1058 3157 neque
1077 3089 1209 3138 securus
1223 3089 1363 3158 unquam

299 3171 362 3241 dici
375 3173 495 3262 poteris
508 3173 569 3242 nisi
583 3175 703 3263 poteris
717 3175 813 3244 etiam
830 3196 899 3244 esse
913 3175 1076 3244 sollicitus.

338 3277 422 3361 Quid
436 3279 536 3350 iude‘l
545 3280 622 3348 falsa
635 3302 762 3373 quoque
772 3281 893 3374 opinio,
902 3282 978 3350 licet
987 3302 1095 3350 aversa
1105 3301 1122 3349 a
1132 3281 1267 3364 ratione,
1278 3283 1362 3371 apud

302 3405 378 3454 cum
397 3407 497 3456 unum
508 3388 648 3456 occurrit
661 3389 716 3476 qui
731 3391 855 3456 ratione
868 3389 983 3469 utitnr;
1000 3410 1072 3457 eum
1087 3397 1193 3457 autem
1206 3388 1364 3478 cupidita-

294 3505 342 3562 tes
355 3493 395 3561 ab
410 3493 546 3583 opinatis
557 3494 652 3562 bonis
665 3495 796 3563 malisve
820 3495 1013 3577 deriventur,
1033 3497 1061 3563 is
1074 3495 1205 3564 demum
1226 3494 1362 3584 cupidus
1419 3532 1424 3540 ·

293 3599 345 3670 cui
355 3601 436 3670 ratio
447 3589 542 3670 inest.
559 3600 607 3670 lta
618 3602 986 3684 metus,sollicitudines,
1005 3603 1131 3672 tristitia
1144 3602 1276 3670 minime
1288 3611 1364 3670 sunt

293 3706 327 3774 in
342 3707 465 3789 bestiis,
482 3708 536 3776 sed
558 3707 667 3776 inanes
683 3709 827 3795 quaedam
842 3730 949 3778 rerum
970 3708 1095 3777 illarum
1119 3707 1251 3799 species.
1268 3708 1361 3792 Quo-

293 3831 443 3882 namvero
465 3814 594 3882 nomine
619 3813 750 3882 tandem
777 3815 955 3906 appellandi
980 3815 1026 3883 illi
1050 3825 1158 3885 motus
1181 3815 1298 3904 quibus
1321 3813 1361 3881 ad

291 3920 451 4009 agendum
473 3929 529 3988 aut
555 3919 638 3989 inter
662 3921 820 4010 agendum
843 3922 1040 3990 incitantur?
1057 3921 1213 4011 impulsus
1226 3921 1260 3988 bi
1274 3931 1358 4001 suut,

292 4026 463 4115 respondet
478 4025 604 4095 Stoicus
616 4037 648 4095 et
671 4026 819 4117 impetus,
835 4049 900 4097 non
915 4028 1105 4118 cupiditates
1117 4049 1210 4097 verae.
1237 4026 1361 4116 Vulgus

292 4131 420 4222 quidem
445 4132 490 4201 ira
514 4131 590 4202 dicit
610 4134 759 4223 exagitari
782 4135 921 4218 leonem,
945 4145 1001 4203 aut
1026 4144 1162 4206 taurum.
1190 4133 1360 4203 Enimvero
