3192 5475
658 1599 843 1670 PdithYdldS.

259 2080 341 2161 Qnae
353 2080 394 2148 sit
410 2080 442 2147 in
455 2080 615 2149 Plotinum
638 2080 859 2168 intempestiva
870 2080 1031 2168 judicandi
1045 2082 1207 2163 severitas,
1233 2101 1286 2151 ea-

215 2184 290 2253 dem
307 2186 340 2253 in
364 2186 578 2275 Porphyrium
591 2207 655 2254 uon
668 2185 1280 2277 malecadat,audacioremdiscipulum.

215 2290 300 2372 Quid
313 2292 432 2360 enim?
460 2291 600 2360 Verbum
625 2302 795 2379 utrumque
810 2291 919 2361 bestiis
946 2292 1099 2373 attribuit,
1129 2294 1283 2363 rationem

212 2417 322 2467 veram
336 2418 509 2486 verumque
519 2418 708 2467 sennonem.
724 2398 823 2486 Atqui
838 2398 994 2467 sermonis
1006 2397 1287 2488 nominePorphy-

211 2504 420 2593 riusappettat
430 2504 640 2593 quodeunque
653 2505 768 2592 linguae
781 2513 815 2571 et
825 2503 910 2572 vocis
921 2503 1036 2572 anxilio
1044 2505 1176 2573 affectus
1185 2496 1283 2573 animi

211 2612 381 2699 siguificat,
397 2610 463 2679 sive
474 2611 618 2691 barbare,
632 2612 698 2681 sive
713 2630 827 2698 grece,
841 2610 955 2678 bovino
967 2611 1016 2678 uel
1025 2610 1136 2679 eanine
1149 2631 1281 2699 expres-

210 2739 285 2787 sum
303 2716 408 2786 suerit.
426 2716 519 2788 Unde
544 2717 635 2786 bruta
648 2717 798 2788 orationis
824 2715 959 2807 capacia,
973 2726 1006 2785 et
1025 2718 1152 2806 quidem
1174 2717 1279 2800 uariae,

210 2825 361 2914 quoniam
370 2824 968 2894 venatorelatratusdiversitatecaoem
977 2845 1118 2913 quaerere
1127 2825 1278 2914 leporem,

210 2942 267 3000 ant
278 2929 519 3010 invenisseant
532 2931 664 3018 cepisse,
692 2942 745 2999 eut
759 2931 860 3019 vagari
875 2941 995 3000 temore
1017 2930 1174 3020 intelligit.
1192 2931 1278 3001 tuot

211 3039 309 3126 igitur
326 3037 534 3126 Porphyrium
547 3037 626 3106 seria
639 3056 713 3104 voce
727 3045 969 3116 memorantem,
983 3037 1081 3105 fuisse
1090 3038 1146 3126 qni
1160 3058 1280 3106 sermo-

210 3165 286 3212 nem
308 3144 474 3210 brutorum
498 3143 697 3232 interpretari
711 3143 903 3224 dicerentur,
920 3153 956 3210 ut
970 3143 1148 3232 Melampus
1162 3144 1276 3227 fertur,

211 3249 358 3330 Tiresias,
378 3249 490 3318 Thales
511 3249 595 3338 apud
609 3249 756 3338 antiquos
781 3260 814 3318 et
832 3269 934 3337 nuper
958 3249 1146 3337 Apollonius
1171 3249 1281 3318 Thea-

210 3376 291 3424 neus
303 3353 347 3445 (r)
366 3380 381 3416 «
405 3355 472 3443 qui,
489 3376 587 3443 quum
600 3355 753 3424 audiisset
765 3355 966 3424 hirundinem
976 3355 1045 3422 aliis
1059 3355 1277 3424 nuntiareasi-

209 3483 300 3542 num,
324 3481 422 3550 prope
445 3461 569 3542 urbem,
591 3473 741 3531 onustum
772 3462 876 3530 tritico
902 3461 1064 3542 cecidisse,
1078 3462 1280 3550 triticumque

210 3566 299 3634 humi
318 3567 480 3646 diffusum,
507 3567 581 3635 inde
595 3567 627 3634 in
654 3567 829 3636 amicorum
843 3576 926 3636 coetu
947 3566 1109 3635 contendit
1135 3567 1280 3637 animalia

209 3673 363 3742 rationem
377 3672 504 3740 habere.
522 3699 537 3734 »
554 3674 596 3741 At
611 3674 752 3762 plerique
767 3694 947 3742 sermonem
968 3693 1041 3742 enm
1069 3693 1132 3740 non
1159 3672 1279 3740 iutelli-

209 3789 299 3867 guot.
317 3817 362 3830 -
378 3778 532 3848 Barbaros
544 3778 699 3868 numquid
723 3779 837 3848 melios
861 3779 1039 3868 intelligis?
1056 3779 1170 3848 Nonne
1191 3778 1278 3847 arbi-

211 3886 302 3957 traris
316 3905 384 3968 eos,
401 3885 479 3954 dum
491 3886 640 3954 voeabula
650 3905 708 3956 sua
720 3886 940 3976 pronunciant,
954 3883 1040 3974 loqui
1056 3885 1161 3953 minus
1184 3906 1279 3974 quam

247 4123 281 4195 (ri
301 4119 423 4184 Rahbini
437 4123 712 4196 praedicabantidem
727 4124 761 4182 de
778 4124 938 4184 Salomone.
1018 4138 1023 4158 ¹
