3192 5475
802 494 981 569 ...66-

359 642 419 715 diae
430 644 548 713 flumen
571 654 603 713 et
619 643 773 734 impetum
787 642 955 712 sustinere.
971 640 1076 727 Quam
1090 650 1196 711 minen
1207 636 1313 711 Ithaco
1335 632 1417 711 inte·

357 773 450 842 grum
463 762 530 820 erat
544 750 643 840 Grylli
665 752 833 821 retundere
857 750 1050 843 superbiam,
1072 749 1098 817 si
1123 749 1173 817 rel
1198 749 1356 838 paululum
1376 747 1418 816 ilii

358 879 415 947 per
428 857 633 927 Plutarchum
643 856 783 926 licuisset
793 858 910 949 eloquii
926 856 1127 947 etsapientiae
1141 876 1207 925 suae
1218 855 1415 926 meminisse!

356 963 471 1035 Omnia
486 968 572 1034 euim
584 973 644 1033 ista
656 984 712 1053 pro
724 964 801 1033 ieris
811 974 998 1055 argumenta
1011 963 1044 1031 in
1064 983 1118 1032 eas
1132 962 1224 1031 facile
1237 971 1420 1051 retorquen-

355 1082 419 1139 tur.
447 1069 608 1139 Gloriatur
628 1070 757 1158 Gryllus
780 1071 888 1159 vigore
907 1080 1056 1159 praestare
1070 1070 1220 1138 belluam.
1247 1068 1333 1141 Sane
1346 1069 1417 1157 qui·

357 1178 441 1245 dem.
458 1176 521 1245 Sed
533 1198 596 1244 non
610 1177 826 1264 Polyphemus
839 1179 1029 1245 lacertorum
1043 1176 1149 1245 nervis
1160 1186 1192 1243 et
1205 1174 1419 1243 membrorum

357 1290 470 1357 robore
485 1291 652 1379 praestabat
688 1289 864 1376 Ulyssem?
886 1287 991 1371 Quem
1006 1289 1212 1361 nihilomiuus
1239 1284 1325 1362 Οὖτις
1349 1308 1420 1356 vcr-

355 1405 427 1465 sute
441 1396 567 1477 delusit,
582 1396 698 1464 mentis
721 1396 890 1483 sagacitate
907 1395 1035 1465 victuro.
1061 1394 1230 1465 Enimvero
1243 1395 1341 1465 homo
1355 1395 1420 1485 ipse

290 1488 294 1497 ’
357 1501 411 1589 (ut
424 1500 555 1571 Pascalii
574 1502 668 1570 vella
684 1502 1004 1591 usurpemlarundiui
1015 1502 1248 1576 assimilandus.
1259 1504 1314 1571 sed
1326 1522 1421 1569 aruu-

285 1696 288 1703 ,
355 1608 387 1677 ui
409 1619 517 1679 mente
541 1619 573 1677 et
604 1609 795 1695 cogitatione
821 1608 950 1696 rigenti.
978 1608 1047 1678 Prae
1072 1609 1126 1676 tali
1148 1609 1345 1690 excellentia,
1370 1609 1420 1679 cui

355 1735 421 1783 non
436 1716 577 1803 corporis
593 1715 725 1783 firmitas
745 1714 981 1783 luxuriantesve
1000 1716 1060 1783 tori
1074 1714 1234 1785 sordeut‘l
1258 1716 1422 1786 Alieresne

357 1820 575 1888 tortitudinem
585 1820 767 1887 animalium
781 1841 877 1908 quam
893 1842 998 1889 rerum
1017 1832 1179 1909 respectus
1203 1833 1236 1890 et
1257 1822 1424 1891 ratiocina-

356 1926 402 1995 tio
427 1946 591 2015 nunquam
610 1926 830 1993 imminuant?
856 1926 970 1996 Contra
983 1936 1014 1994 te
1029 1948 1104 2016 agas
1120 1952 1128 2011 3
1143 1927 1203 1996 nisi
1214 1928 1296 1999 sorte
1310 1928 1423 2019 praeci-

358 2050 454 2119 puam
469 2031 597 2099 virtutis
608 2031 733 2099 laudem
747 2032 864 2101 referet
874 2034 925 2101 leo
937 2034 1075 2103 furiosus
1088 2035 1155 2123 qui,

503 2197 687 2213 .......
709 2162 779 2213 torta
794 2156 862 2213 levis
876 2156 900 2213 si
913 2157 1009 2215 lancea
1022 2157 1110 2215 llauri

500 2246 615 2315 llaerest‚
632 2252 680 2303 out
694 2245 783 2303 latum
792 2247 909 2303 subeant
923 2246 1058 2303 venauuta
1071 2254 1169 2317 pectus

499 2334 551 2391 Per
569 2332 673 2391 lerrum
685 2334 752 2391 lauti
766 2349 883 2391 securus
894 2334 1016 2390 vulneris
1026 2335 1096 2392 exit.

406 2437 549 2507 Violenta
563 2449 592 2506 et
608 2458 688 2507 eaeca
703 2448 752 2508 est
768 2438 820 2506 illa
840 2440 991 2507 fortitudo
1004 2464 1012 2522 ;
1030 2439 1150 2529 impetu
1164 2442 1344 2513 inconsulto
1356 2445 1421 2513 ier-

358 2557 422 2627 tur,
436 2564 540 2632 neque
559 2546 736 2613 coutemnit
748 2546 937 2634 periculum,
953 2546 1009 2613 sed
1035 2567 1100 2614 uon
1123 2545 1280 2635 iutelligit.
1296 2548 1424 2631 Quanto

358 2650 469 2720 melior
489 2652 589 2717 virtus
614 2651 722 2719 militis
750 2652 817 2740 qui,
844 2664 947 2720 morte
971 2653 1142 2743 proposita,
1167 2674 1271 2742 neque
1297 2656 1424 2745 ignarus
1535 2649 1538 2656 ’

357 2757 467 2840 futuri,
482 2758 566 2824 vadit
590 2756 623 2824 in
649 2758 802 2826 lulmiuea
823 2770 994 2842 tormenta,
1024 2773 1151 2850 propter
1178 2762 1272 2829 fidem
1288 2773 1320 2830 et
1334 2764 1423 2830 lamae

356 2863 486 2932 curam!
518 2869 583 2951 Age
604 2885 689 2945 vero,
717 2866 792 2932 serae
816 2876 1001 2955 persecutus
1025 2888 1165 2950 causam,
1182 2868 1334 2956 praedices
1353 2888 1423 2938 earu

358 2969 457 3036 semel
479 2979 584 3035 natam
609 2969 669 3037 sibi
694 2971 849 3040 sufficere.
878 2971 949 3062 lpse
968 2973 1025 3042 tibi
1053 2972 1241 3044 ministrabo
1263 2973 1427 3064 adjutores

363 3073 416 3144 Sic
430 3073 516 3142 enim
530 3074 645 3143 cecinit
659 3076 847 3145 Lucretius:

364 3188 366 3192 ·
500 3182 570 3237 Tum
584 3197 666 3253 porro
680 3198 759 3256 puer,
774 3193 807 3242 ut
818 3185 898 3241 sceris
910 3185 1049 3257 proiectus
1062 3187 1097 3244 ab
1111 3188 1195 3245 undis

501 3271 608 3343 Navita,
630 3272 812 3328 uurlushumi
828 3275 911 3346 jacet,
924 3273 1016 3331 iulans
1026 3275 1139 3346 indigus
1150 3276 1225 3333 urrini

501 3359 583 3417 Vitali
598 3360 717 3432 auxilio;
728 3376 791 3417 cum
807 3363 930 3433 primum
945 3364 974 3418 in
993 3364 1108 3420 luminis
1122 3379 1185 3422 oras

503 3448 621 3504 §itibus
635 3464 670 3506 ex
683 3450 744 3506 aluo
757 3451 852 3507 matris
866 3454 966 3507 Natura
987 3452 1130 3526 proludi13

503 3536 658 3607 vagituque
669 3536 760 3594 locum
776 3539 889 3610 lugubri
908 3541 1028 3612 complet
1042 3548 1072 3598 ut
1083 3556 1196 3612 aequum
1212 3549 1263 3613 cst,

500 3623 550 3682 Cui
565 3630 672 3680 lautum
685 3625 713 3681 in
724 3625 777 3682 vita
801 3636 881 3685 restet
894 3629 1009 3685 transire
1024 3631 1171 3688 malorum.

499 3714 533 3768 m
545 3711 628 3770 variae
642 3723 769 3771 crescunt
779 3717 909 3790 pecudes,
924 3726 1058 3790 armenta,
1071 3718 1202 3790 feraeque.
1223 3763 1230 3776 .
1253 3763 1259 3775 .

951 3807 1006 3878 (De
1019 3823 1071 3864 rer.
1083 3815 1141 3864 nat.
1156 3823 1183 3879 v,
1198 3811 1250 3864 ‘til
1260 3807 1280 3879 ).

403 3904 541 3998 Operam
556 3930 645 3977 suam
660 3921 752 3978 navet
767 3911 913 3980 Lucretio
933 3912 1074 3982 Plinius:
1094 3940 1108 3977 ι
1126 3915 1287 3983 hominem
1301 3924 1425 3982 tanturn

359 4015 482 4084 nudum
495 4026 527 4084 et
542 4016 573 4082 iu
586 4017 668 4083 naida
682 4018 790 4101 homo,
808 4021 901 4086 natali
917 4016 980 4093 die.
997 4020 1101 4107 abjicit
1122 4021 1161 4086 ad
1180 4021 1305 4107 vagitus
1318 4022 1425 4088 statim

360 4132 392 4191 et
406 4121 576 4211 ploratum,
599 4122 785 4213 nullumque
810 4135 858 4194 tot
882 4125 1065 4193 animalium
1079 4125 1163 4204 au'ud
1176 4125 1215 4194 ad
1234 4125 1379 4194 lacrimas
1392 4137 1425 4195 et
