3192 5475
780 612 960 677 ...Μ-

335 758 439 806 rerum
469 744 629 832 percipere
654 746 808 815 ordinem.
840 750 932 817 Nulla
958 770 1096 837 unquam
1120 752 1170 819 vel
1201 751 1400 837 sagacissime

334 842 432 912 bestia
459 848 596 916 tabulam
616 850 696 919 bene
725 853 851 941 pictam,
888 857 937 924 rel
970 858 1071 925 edem
1104 858 1164 925 rite
1203 867 1398 924 exstructam

335 949 484 1019 demirare
512 965 569 1023 est.
597 956 681 1039 Quid
708 960 792 1047 quod
807 962 892 1029 nnlla
908 975 1020 1051 sponte
1041 984 1096 1031 sua
1118 964 1209 1031 saltat
1234 962 1273 1029 ad
1289 982 1404 1031 uume-

334 1057 430 1123 rum‘?
465 1061 643 1129 movebitur
679 1076 802 1133 tantum
832 1080 864 1135 ct
892 1070 1072 1150 exsultabit,
1107 1091 1143 1137 ac
1179 1070 1206 1137 si
1233 1070 1315 1136 sorte
1337 1069 1400 1137 ele

334 1164 471 1251 phantus
483 1166 595 1255 aliquis
612 1171 727 1257 pedum
751 1194 926 1263 manusque
943 1197 1008 1243 sum
1032 1188 1121 1243 motu
1147 1175 1259 1242 inodos
1287 1174 1399 1243 lidiunr

334 1269 424 1357 sequi
440 1272 570 1341 edoctus
584 1296 653 1343 csse
668 1278 835 1361 ridebitur,
853 1302 917 1349 non
944 1304 978 1349 sc
998 1282 1168 1349 declarabit
1193 1283 1257 1349 rim
1278 1292 1330 1348 aul
1353 1280 1404 1347 in-

334 1376 460 1443 tervalla
476 1398 626 1447 sonorum
642 1384 814 1505 percipere,
829 1386 884 1506 scd
910 1388 1094 1455 meminisse
1115 1387 1308 1506 instituentis
1331 1407 1402 1505 ma-

335 1587 476 1676 dclpbmr
490 1592 528 1659 ad
542 1592 668 1663 cithare
693 1609 822 1665 cantum
838 1620 869 1665 m
880 1600 988 1667 littore
1012 1600 1229 1679 conueniunt,
1261 1611 1293 1667 ct
1321 1618 1405 1664 uon-

336 1694 460 1762 nulla
430 1697 562 1783 piscium
577 1722 691 1787 genera
707 1704 843 1772 suavitas
854 1706 963 1771 calami
978 1706 1164 1772 detricct.—
1178 1705 1253 1784 Res,
1271 1715 1306 1769 ut
1321 1704 1400 1769 mint

331 1802 472 1883 ridetur,
501 1808 676 1892 nugatoria,
704 1811 870 1898 potiusque
897 1811 1020 1877 Platoni
1049 1812 1201 1898 suffragor
1228 1810 1401 1877 barmoniae

338 1929 467 1975 sensum
479 1910 581 1979 brutis
596 1915 776 2002 deneganti.
804 1917 925 1983 Sonum
943 1917 1071 2005 quidem
1085 1918 1227 1997 audiunt,
1247 1938 1311 1983 non
1340 1937 1414 1981 au·-

339 2024 402 2083 tcm
415 2037 566 2085 sonorum
581 2022 780 2088 concordiam
798 2048 805 2089 :
830 2023 902 2090 inde
915 2043 1011 2090 canes
1033 2023 1237 2089 suavissimos
1264 2042 1404 2089 concen-

339 2131 392 2189 tus
414 2122 611 2211 iniquissimo
633 2126 738 2195 lerunt
752 2129 871 2208 animo,
889 2129 1022 2218 iratique
1036 2129 1181 2196 allatrant
1208 2127 1247 2194 ad
1262 2148 1299 2195 ca
1329 2150 1399 2215 quae

341 2238 464 2297 nostras
478 2231 658 2300 demulcent
673 2234 786 2302 leniter
801 2255 903 2302 aures,

385 2336 419 2403 Si
427 2358 501 2405 vcro
512 2339 549 2405 ad
562 2340 755 2408 voluntatem
771 2340 902 2409 liberam
914 2351 1048 2430 spectas,
1061 2362 1156 2429 quam
1170 2342 1288 2409 distant
1298 2343 1338 2409 ab
1348 2343 1407 2409 ho-

342 2447 426 2515 mine
439 2446 530 2511 bruta
545 2446 551 2511 l
568 2446 601 2511 iu
620 2446 720 2513 brutis
735 2448 819 2514 euim
834 2448 937 2514 anima
950 2448 1403 2535 concupiscibilisdominatur,

341 2565 371 2621 et
384 2572 419 2621 ea
432 2554 488 2619 lati
501 2553 636 2640 quadam
648 2552 826 2621 devincitur
846 2554 1043 2621 necessitate.
1063 2554 1134 2620 Non
1148 2555 1233 2621 euim
1242 2555 1360 2643 judicio
1374 2564 1407 2621 et

339 2659 512 2741 voluntate,
529 2660 583 2727 sed
608 2670 727 2726 natnrae
746 2660 862 2725 invicta
892 2660 922 2726 ri
945 2670 1087 2726 coactum
1110 2660 1226 2726 animal
1239 2661 1405 2749 appetitea

341 2788 411 2854 quae
425 2767 464 2833 ad
477 2776 585 2854 potum
597 2766 778 2854 victumque
793 2767 962 2853 pertinent,
977 2787 1040 2832 non
1053 2788 1145 2835 secus
1157 2777 1189 2834 et
1203 2767 1407 2836 obdormiscit

342 2873 488 2952 invitum,
503 2872 576 2960 quia
604 2871 645 2938 ita
668 2873 723 2937 luit
739 2883 879 2938 anatum
904 2882 1043 2939 creatum
1068 2884 1103 2940 ut
1127 2873 1405 2960 somnoindigeat3

330 2995 445 3065 meque
456 2978 556 3065 magis
566 2978 776 3046 bisobsistere
787 2978 983 3063 valet,quam
993 2999 1082 3065 aquae
1092 2979 1408 3046 rivusadecurrendo

342 3084 434 3164 clivo,
452 3084 557 3172 planta
572 3105 606 3151 se
623 3082 646 3150 'a
666 3083 836 3151 crescendo
848 3085 1001 3151 cohibere.
1026 3084 1118 3151 Haud
1133 3086 1223 3151 aliter
1246 3097 1300 3152 tua
1315 3097 1362 3152 cst
1375 3085 1408 3163 in

340 3175 496 3278 potestate
517 3191 674 3258 abstinere
688 3191 758 3259 cibo
774 3215 782 3272 ;
805 3191 859 3257 ubi
869 3204 975 3257 autem
987 3211 1061 3257 eum
1077 3190 1108 3257 in
1133 3193 1330 3258 stomachum
1344 3180 1402 3258 de-

330 3291 479 3377 miseris,
504 3299 623 3386 reliqua
648 3315 712 3364 non
734 3307 764 3365 te
787 3307 1009 3384 peneseruut,
1025 3308 1057 3364 cl
1071 3306 1194 3376 natura,
1219 3297 1297 3364 velis
1312 3297 1405 3376 nolis,

344 3419 437 3472 suum
463 3421 519 3491 per
552 3423 587 3472 se
616 3417 734 3470 munus
767 3412 985 3489 exsequente,
1004 3403 1190 3470 alimentum
1227 3401 1407 3490 concoque-

343 3523 396 3586 trib
410 3503 465 3606 per
488 3519 562 3615 rint·
577 3519 663 3584 illam
685 3517 850 3584 nutriendi
859 3512 1041 3605 (lpemzlo)
1057 3536 1126 3605 qum
1145 3503 1259 3584 'succos
1275 3537 1330 3604 per
1340 3538 1409 3585 cur-

344 3655 405 3724 pus
425 3631 542 3744 ‘digerit
565 3643 596 3701 et
619 3624 788 3700 distribuit.
822 3624 994 3720 (θρεππκόν)
1025 3631 1103 3697 illud
1131 3631 1158 3719 (a
1180 3630 1311 3699 Platone
1339 3629 1407 3714 dic-

346 3763 413 3819 tum
441 3757 567 3839 qnoque
595 3738 836 3837 ἐππθυμητικὸν
828 3768 858 3812 nr
865 3737 1004 3835 planta)
1032 3728 1238 3834 philosophus
1260 3743 1409 3813 assimilt

346 3856 579 3960 concupiscibili
614 3856 827 3940 animaequae,
855 3852 893 3918 ab
927 3853 1013 3921 omui
1031 3852 1176 3953 libertate
1193 3871 1267 3919 ac
1249 3757 1409 3920 reluctare

347 3945 459 4043 aliena,
481 3962 572 4049 apud
586 3950 677 4026 brula
693 3951 880 4048 prepollens
899 3956 1156 4048 deprehenditur.
1184 3954 1410 4044 irascibilis

348 4081 454 4136 autem
469 4063 586 4148 anima,
603 4065 663 4134 etsi
674 4083 747 4132 cum
768 4065 873 4132 anima
897 4062 1132 4151 concupiscibili
1146 4063 1327 4150 conjuncta,
1343 4082 1407 4128 non

351 4187 401 4245 cst
412 4195 553 4243 omnimo
566 4172 644 4262 (ut
633 4193 698 4260 Jam
720 4168 869 4260 diximus)
895 4189 913 4236 a
938 4167 1115 4237 rationabili
1134 4169 1286 4256 sejuncta.
1304 4167 1411 4254 ltaque

346 4304 380 4354 sc
395 4282 494 4378 ipsam
514 4279 640 4352 vincere
654 4285 778 4373 potest,
810 4277 853 4348 lta
880 4285 917 4347 ut
928 4285 1039 4348 mutu
1057 4272 1261 4364 cupiditatem
1273 4271 1405 4346 mouns
