3192 5475
266 2106 345 2189 Quae
367 2107 517 2198 praecipui
538 2108 716 2197 philosophi
737 2109 777 2178 de
805 2109 910 2179 anima
934 2110 1099 2178 brutorum
1127 2110 1229 2179 obiter
1258 2120 1294 2177 et

220 2214 308 2281 nulla
327 2215 479 2283 continua
503 2214 715 2303 disputatione
741 2215 957 2285 disseruerunt
983 2215 1087 2285 adhuc
1110 2217 1288 2284 retulimus.

221 2317 315 2389 Nunc
326 2320 466 2390 libellum
479 2320 621 2387 Philonis
633 2320 828 2389 excutiemus
843 2321 952 2389 dehac
974 2321 1041 2410 ipsa
1054 2322 1229 2409 quaestione
1250 2343 1292 2391 cx

221 2427 363 2513 professo
381 2426 593 2515 conscriptum
619 2426 675 2516 (a).
697 2425 888 2515 Quanquam
911 2427 1016 2517 operis
1038 2428 1129 2496 titulo
1151 2429 1241 2499 facile
1261 2428 1293 2496 in

219 2552 359 2601 errorem
374 2532 543 2601 inducaris.
561 2530 639 2600 Cum
654 2533 739 2601 enirn
759 2533 903 2602 uideatur
924 2535 1057 2602 innuere
1079 2526 1172 2603 bruta
1194 2535 1289 2604 etiam

223 2639 376 2709 rationem
399 2639 527 2721 habere,
550 2640 717 2707 sententiae
737 2639 789 2707 isti
812 2639 903 2709 Philo
933 2640 1106 2709 fortissime
1136 2655 1290 2731 repugnat

223 2767 318 2834 quam
332 2747 510 2816 Alexander
531 2767 631 2836 nepos
648 2746 786 2815 auctoris
804 2748 886 2815 tueri
906 2749 1020 2816 solitus
1037 2761 1114 2817 erat.
1134 2748 1164 2818 ls
1187 2761 1294 2819 autem

223 2853 421 2922 existimabat
440 2855 523 2941 apud
547 2853 693 2921 animalia
715 2853 845 2921 rationis
863 2866 895 2923 et
916 2855 1068 2923 orationis
1087 2855 1219 2944 reperiri
1243 2855 1295 2923 sin

223 2960 330 3028 minus
344 2959 583 3048 perlectionem,
608 2969 641 3025 at
658 2958 768 3026 saltem
791 2961 874 3027 haud
885 2960 1117 3029 contemnenda
1138 2961 1291 3052 principia

224 3079 256 3136 et
270 3066 402 3134 semina.
421 3065 567 3146 Quorum
588 3065 722 3132 alterum
734 3065 813 3132 adeo
827 3066 1001 3134 absurdum
1015 3081 1076 3152 est,
1091 3079 1126 3135 ut
1140 3068 1295 3137 omitten-

224 3175 301 3242 dum
321 3173 383 3254 sit;
406 3173 542 3240 alterum
556 3171 698 3238 deleudit
719 3171 898 3240 alexander
920 3173 1062 3243 animose
1076 3175 1218 3264 quidem,
1233 3177 1289 3244 sed

225 3299 335 3368 parum
355 3278 394 3345 ad
416 3276 670 3366 persuadendum
694 3277 872 3346 efficaciter.
899 3280 1004 3366 Atque
1023 3280 1103 3348 adeo
1121 3281 1223 3349 sentis
1249 3281 1295 3348 illi

224 3406 426 3474 nequaquum
437 3383 587 3474 expedire
601 3383 687 3471 quod
702 3385 768 3473 ipse
789 3384 880 3451 Philo
896 3405 970 3453 mox
988 3386 1215 3454 confutandam
1228 3408 1288 3456 ne-

226 3495 307 3582 potis
326 3490 516 3561 sententiam
538 3490 694 3578 explicare
706 3491 892 3570 susceperit.
916 3489 1010 3574 Nam,
1027 3493 1112 3580 quod
1126 3488 1192 3561 fieri
1207 3493 1289 3561 solet

226 3598 280 3665 nbi
289 3598 360 3686 quis
371 3595 584 3666 adversarium
598 3596 679 3662 ultro
692 3595 750 3662 sibi
760 3606 952 3677 commovet,
964 3597 1095 3686 ejusque
1106 3611 1295 3685 argumenta

227 3702 357 3787 diducit,
365 3703 473 3792 jejuna
487 3702 615 3790 quidem
626 3712 658 3768 et
670 3701 793 3768 infirma
803 3713 912 3771 contra
924 3702 1091 3770 Philonem
1102 3703 1290 3772 afferuntur.

228 3809 353 3879 Etenim
367 3831 439 3879 cum
452 3808 665 3896 vulgatissima
681 3828 816 3896 quaeque
830 3809 869 3876 de
883 3807 1010 3876 solertia
1026 3808 1165 3877 ferarum
1176 3810 1297 3899 produ-

266 4034 301 4108 (α)
321 4034 485 4102 elementer,
503 4033 559 4091 sive
582 4033 617 4091 de
641 4033 764 4104 eoquod
787 4032 924 4090 rationem
944 4033 1064 4090 habeant
1077 4033 1158 4090 bruta
1169 4032 1300 4090 animalia

231 4123 403 4195 (leuchum,
421 4124 451 4179 Τ.
463 4124 522 4182 lllll
534 4121 581 4180 des
595 4133 703 4182 oeuvrcs
718 4121 753 4180 de
768 4119 869 4180 Plrilou
879 4122 897 4192 ).
