3192 5475
648 508 692 522 ...
715 464 758 541 {9
781 511 825 525 ...

205 606 322 673 minus.
338 598 399 674 Ubi
431 628 504 678 vero
518 616 659 678 mentem
673 632 691 678 a
703 614 921 699 [meditatione
935 618 1099 687 notionum
1111 616 1150 685 ad
1167 616 1268 707 ipsam

203 732 311 779 rerum
326 715 625 804 contemplationem
638 717 785 803 traducit,
811 743 885 789 cum
896 745 971 793 vero
986 724 1067 792 redit
1081 726 1112 792 in
1134 725 1268 814 gratiam

201 828 233 885 et
244 817 313 905 ipse
326 838 388 885 ase
402 820 516 888 deficit.
535 820 631 909 Cujus
640 823 687 890 rei
701 825 757 891 tibi
783 827 880 897 fidem
894 830 1010 899 facient
1021 852 1095 901 cum
1109 834 1146 899 dc
1158 834 1269 899 anima

201 934 269 990 tum
284 924 324 991 de
337 926 526 991 animabant
540 928 672 996 historia
683 930 766 998 libri.

246 1030 394 1097 Animam
420 1031 604 1101 Aristoteles
633 1036 682 1103 his
709 1039 814 1108 verbis
838 1042 958 1111 definit.
989 1070 1005 1105 α
1033 1044 1160 1113 Primus
1180 1054 1270 1113 actus

209 1136 348 1224 corporis
370 1139 522 1205 naturalis
544 1140 750 1232 ejusdemque
775 1149 927 1235 organici,
956 1150 1041 1238 quod
1064 1151 1160 1219 uitam
1174 1150 1271 1218 habet

201 1242 234 1309 in
248 1252 414 1330 potestate.
434 1244 594 1313 »Constat
618 1259 802 1319 autemnon
818 1276 882 1322 uno
908 1277 927 1323 e
962 1268 1098 1345 quatuor
1125 1258 1269 1325 elemen-

203 1346 256 1429 tis,
274 1349 327 1417 sed
342 1350 450 1437 quinta
462 1351 597 1437 quadam
621 1365 731 1423 natura
752 1359 916 1448 singulari,
933 1364 985 1431 cui
999 1364 1124 1430 nullum
1138 1364 1179 1430 sit
1198 1384 1271 1430 cunr

207 1458 321 1522 ceteris
348 1456 510 1544 principiis
538 1463 775 1533 commercium.
811 1468 917 1535 Bestia
945 1490 1020 1557 ergo
1051 1470 1173 1559 etipsa
1200 1470 1273 1535 aniss

204 1590 289 1637 mam
312 1570 408 1636 babet
437 1565 665 1663 (ἐντελέχειαν),
689 1592 707 1639 e
734 1573 845 1659 quinto
872 1575 926 1643 illo
948 1596 1066 1664 genere
1090 1576 1269 1643 conflatam.

205 1676 269 1743 Sed
294 1697 459 1763 quousque
494 1678 545 1743 illa
573 1679 740 1748 brutorum
765 1678 870 1747 anima
909 1683 1056 1770 patebit?
1080 1684 1112 1749 in
1138 1682 1274 1750 vivendo

205 1781 435 1868 sentiendoque
463 1784 655 1867 continetur,
683 1787 760 1855 citra
798 1808 926 1855 omnem
964 1789 1169 1857 intellectum.
1210 1786 1275 1855 Sed

206 1889 291 1955 enim
304 1888 336 1954 in
354 1888 468 1955 ceteris
483 1890 671 1960 animalibus
686 1892 772 1983 (nam
786 1906 940 1982 exceptus
952 1905 1001 1961 est
1014 1893 1208 1983 homo),non
1220 1893 1274 1959 in-

206 1996 352 2064 tellectus
387 2000 524 2093 (νόησις)
553 2025 656 2093 neque
683 2010 765 2077 ratio
794 2003 995 2101 (λογισμὸς),
1012 2010 1067 2078 sed
1095 2005 1277 2096 imaginatio
1370 2012 1393 2056 Γ

207 2108 289 2177 inest
310 2114 376 2179 sola
409 2116 611 2208 (φαντασία).
637 2116 707 2205 Ipsa
726 2129 833 2185 autem
855 2118 1037 2205 imaginatio
1062 2125 1117 2182 aut
1144 2112 1276 2181 rationis

207 2227 255 2281 est
280 2220 435 2311 particeps
462 2236 516 2291 aut
545 2224 765 2293 tantummodo
790 2230 914 2293 sensus.
943 2225 1023 2306 Quae
1037 2222 1178 2303 rationis,
1194 2219 1274 2288 deli-

209 2320 350 2391 berativa
388 2332 642 2417 cognominatur,
668 2342 700 2399 et
720 2332 842 2399 homini
864 2332 989 2421 propria
1027 2338 1205 2397 reservatur
1236 2326 1276 2391 ab

213 2428 384 2501 Aristotele
401 2458 408 2516 ;
437 2458 508 2524 quac
534 2443 660 2520 sensile,
677 2438 716 2505 ad
731 2439 851 2526 reliqua
865 2438 1011 2505 animalia
1023 2436 1170 2525 pertinet.
1195 2432 1275 2513 Qua·

208 2556 281 2602 cum
293 2542 476 2628 praeceperit
492 2544 710 2633 philosophus,
725 2546 786 2613 alio
798 2546 867 2614 loco
882 2546 992 2612 edocet
1006 2539 1207 2609 discernendi
1220 2559 1277 2628 po-

211 2651 342 2717 tentiam
382 2654 445 2745 (τὸ.
464 2654 613 2748 κριτικόν)
652 2652 789 2721 officium
832 2672 902 2720 esse
935 2650 1051 2717 mentis
1087 2657 1120 2715 et
1151 2666 1275 2714 sensus.

213 2753 334 2825 Sensus
347 2761 432 2828 enim
452 2763 653 2832 discernendi
678 2763 842 2829 materiam
868 2759 961 2827 offert
985 2755 1159 2823 intellectui
1182 2763 1280 2822 etres

215 2863 409 2953 arripiendae
422 2872 520 2936 menti
544 2870 710 2938 ministrat.
727 2866 810 2933 lllud
829 2886 905 2933 sane
920 2861 1100 2932 Aristotelis
1114 2861 1197 2926 inter
1208 2879 1282 2926 ern-

212 2967 295 3037 ditos
309 2976 465 3042 convenit.
480 2977 559 3045 Cum
570 2989 678 3043 autem
690 2973 851 3062 negaverit
866 2971 1037 3060 quidquam
1049 2969 1081 3034 in
1094 2967 1197 3034 brutis
1210 2984 1282 3032 csse

216 3088 330 3162 praeter
356 3080 614 3168 imaginationem
628 3082 823 3161 sensitivam,
841 3077 1010 3146 sustinebit
1023 3072 1164 3163 profiteri
1189 3072 1283 3139 bruta

213 3182 290 3248 nihil
303 3183 482 3256 discernere
495 3189 512 3256 ‘f
526 3189 628 3256 Nemo
643 3208 740 3255 sanus
760 3195 938 3253 monstrum
962 3184 1024 3249 tale
1036 3179 1233 3268 comprobet,
1249 3189 1283 3246 et

213 3286 280 3375 ipse
293 3288 439 3379 Stagirita
452 3294 525 3361 alibi
540 3294 698 3362 refutabit.
716 3291 874 3374 Quamdiu
899 3310 974 3357 vero
992 3289 1031 3355 de
1060 3288 1166 3356 anima
1205 3288 1281 3354 θεω-

213 3407 309 3491 ρητῶς
336 3399 484 3488 disputat,
511 3402 652 3469 defendit
677 3409 764 3466 muta
798 3399 897 3465 solam
919 3418 956 3464 ac
983 3415 1103 3464 mamm
1126 3398 1283 3502 sentiendi

215 3510 397 3578 facultatem
410 3508 595 3576 obtinuisse.
612 3506 716 3588 Quam
739 3505 919 3594 opinionem
945 3504 978 3570 in
997 3524 1138 3592 praeseus
1153 3506 1282 3572 omitta-

217 3637 301 3696 mus,
318 3615 482 3702 etreliqua
496 3613 675 3682 Aristotelis
698 3613 738 3680 de
762 3632 858 3680 sensu
888 3611 999 3700 placita
1022 3610 1277 3698 interpretemur.

218 3723 312 3810 apud
325 3721 431 3788 omnia
446 3720 591 3788 animalia
604 3741 717 3788 sensus
728 3719 803 3786 fitin
817 3719 922 3785 anima
937 3717 1077 3804 eorporis
1091 3717 1277 3786 ministerio.

215 3827 491 3908 Quemadmodum
516 3837 623 3894 autem
636 3827 774 3914 pecudes
798 3823 1021 3893 eodemmodo
1048 3823 1190 3891 sentiunt
1214 3847 1277 3912 quo

216 3934 374 4015 homines,
400 3933 443 3999 ita
465 3954 530 4000 non
555 3933 695 4000 sentiunt
709 3933 833 4000 eodem.
862 3930 945 3998 Nam
971 3928 1110 4017 quinque
1135 3931 1281 4002 sensibus

218 4041 382 4121 instructa,
399 4040 553 4108 eduobus
567 4050 702 4122 tantum,
719 4048 806 4107 tactu
820 4037 938 4106 scilicet
953 4045 984 4103 et
998 4045 1106 4124 gustu,
1134 4037 1281 4126 volupta-

219 4159 285 4216 tem
299 4147 486 4235 percipiunt.
504 4147 565 4216 Per
587 4146 677 4228 alios,
694 4157 748 4214 aut
773 4145 861 4214 nullo
883 4156 974 4234 pacto
988 4154 1044 4210 aut
1060 4142 1164 4232 aliqua
1177 4146 1280 4217 solum
