3192 5475
346 2195 471 2267 Stoicos
483 2198 621 2267 animam
634 2197 805 2287 quamdam
821 2198 967 2265 eamdem
980 2199 1014 2264 in
1026 2216 1139 2267 omnes
1156 2197 1267 2267 mundi
1294 2218 1365 2289 par-

300 2318 347 2375 tes
359 2305 513 2374 infudisse
535 2326 632 2374 nemo
654 2305 767 2388 nescit,
792 2315 824 2373 et
848 2324 919 2373 eam
942 2325 1008 2373 nnn
1028 2304 1210 2373 hominibus
1224 2306 1364 2379 medeae

299 2412 409 2494 mutis,
423 2412 479 2481 sed
491 2412 585 2481 etiam
595 2412 634 2479 iis
645 2432 716 2501 quae
727 2410 822 2500 vulgo
832 2410 1004 2478 inanimata
1014 2409 1163 2479 dicuntur
1172 2413 1361 2483 attribuisse.

300 2527 440 2617 Spiritus
454 2536 561 2594 autem
576 2524 689 2614 igneus
701 2533 748 2593 est
767 2522 903 2616 (πνεῦμα
916 2520 1073 2617 ἔνθερμον)
1083 2523 1178 2593 uariis
1188 2536 1282 2615 aptus
1295 2548 1365 2595 mu-

298 2634 441 2716 nenibus,
458 2642 553 2722 prout
564 2632 597 2699 in
609 2632 690 2699 hauc
702 2640 756 2699 aut
769 2631 856 2717 illam
870 2654 905 2701 sc
916 2644 1062 2701 naturam
1074 2632 1257 2701 insinuavit.
1271 2632 1363 2703 Plan-

297 2752 339 2812 tae
357 2741 444 2810 enim
461 2741 579 2822 anima,
605 2739 766 2808 crescendi
793 2739 824 2806 vi
842 2752 1004 2822 contenta,
1021 2762 1058 2809 ea
1072 2752 1121 2810 est
1135 2761 1231 2829 quam
1245 2742 1359 2811 Schola

296 2847 504 2937 vegetativam
520 2845 649 2916 nomine
672 2846 864 2930 celebravit3
885 2849 918 2916 iu
945 2848 1054 2918 bestiis
1080 2859 1187 2917 autem
1209 2849 1307 2916 sentit
1331 2860 1363 2918 et

301 2959 437 3048 aliquem
464 2960 559 3027 habet
581 2960 735 3048 impetum
749 2957 848 3051 (ὁρμή
860 2959 889 3053 );
903 2961 936 3028 in
950 2961 1079 3028 humine
1090 2960 1240 3050 denique,
1253 2960 1364 3030 excel-

298 3065 376 3134 lenti
390 3066 540 3156 quudam,
556 3075 593 3133 ut
606 3065 664 3156 ipsi
681 3062 837 3150 dictitant,
850 3067 1028 3156 privilegiu,
1039 3067 1160 3136 ratione
1175 3078 1208 3136 et
1221 3068 1363 3136 oratione

297 3173 452 3242 instructa
477 3181 535 3242 est.
562 3172 608 3242 lla
632 3173 771 3242 hominis
791 3173 895 3244 anima
909 3185 982 3242 ecte
1000 3174 1206 3262 potestatibus
1224 3184 1358 3255 constat,

298 3281 440 3370 quinque
454 3279 611 3362 sensibus,
639 3281 786 3348 facultate
811 3281 997 3370 generandi,
1014 3280 1166 3368 loquendi
1180 3290 1213 3348 et
1226 3281 1366 3370 cogitau-

297 3386 330 3455 di
341 3385 399 3478 (r),
421 3386 500 3455 Cum
512 3396 618 3454 auten
641 3407 773 3454 necesse
784 3387 825 3454 sit
838 3407 965 3455 omnem
982 3395 1127 3453 naturam
1140 3407 1213 3473 qnae
1226 3407 1290 3455 non
1304 3407 1360 3454 se-

299 3493 401 3561 litaria
416 3494 572 3582 sitneque
587 3493 734 3582 simplex,
747 3493 803 3560 sed
818 3513 890 3562 cum
901 3492 963 3560 aliu
973 3492 1082 3580 juncta
1097 3504 1127 3559 et
1140 3513 1297 3571 connexa,
1311 3494 1369 3560 ha-

296 3601 373 3670 bere
383 3601 519 3688 aliquem
529 3599 1301 3690 principatumparsanimaeprincipaliseritmeus
1310 3609 1366 3667 aut

294 3713 386 3796 ratio,
404 3712 536 3779 facultas
555 3731 629 3780 tene
653 3712 738 3800 regia
751 3712 786 3777 τὸ
816 3711 994 3804 ἡγεμονικόν
1011 3733 1083 3802 quae
1096 3722 1265 3781 ceterasut
1287 3713 1361 3780 vin-

295 3821 401 3889 culum
414 3839 477 3886 una
497 3817 645 3900 devincit,
663 3828 696 3886 et
708 3819 746 3888 iis
758 3821 857 3888 utitur
871 3832 1020 3909 tanquam
1033 3819 1178 3908 pnlypius
1190 3819 1363 3888 acetabulis

296 3925 373 3995 suis.
399 3924 446 3993 Ex
473 3923 526 3991 illo
550 3924 678 3993 decreto
700 3947 757 3994 suu
771 3925 928 3995 deliniunt
951 3923 1048 3994 Stoici
1070 3925 1173 3993 visum
1187 3917 1364 4014 sturituma

333 4109 447 4186 (effide
463 4111 647 4184 Plutarchum
663 4111 698 4168 de
720 4113 833 4170 Placitis
854 4112 1015 4187 philosoph.
1034 4115 1078 4184 tv,
1104 4117 1120 4168 l
1140 4112 1313 4173 etGaleunm
1333 4115 1366 4172 dc

297 4199 420 4264 Historia
433 4198 642 4274 philosophica.
769 4193 772 4200 “
954 4192 956 4196 ’
