3192 5475
718 426 896 497 ..ιὸ-

260 586 413 658 quercum
425 568 500 638 loeta
512 570 683 660 propagine
696 580 729 641 et
740 571 910 660 pullulanti
924 572 1005 643 circa
1019 573 1117 663 pedes
1129 572 1239 643 sobole
1250 593 1330 663 gau-

257 674 395 742 dentem.
413 674 541 746 Poetice
554 696 629 747 uero
644 676 820 748 lascivienti
834 678 904 748 laus
920 677 1015 746 datur
1028 678 1174 769 Virgilio,
1200 680 1327 751 Philoni

257 801 298 851 ne
311 781 403 849 venia
419 782 560 871 quidem.

298 886 509 979 Posteaquam
522 890 654 960 affectus
669 888 853 958 animalium
877 891 972 959 variis
989 891 1171 981 plantarum
1184 892 1327 962 motibus

256 994 438 1064 assimilavit
466 994 567 1077 Philo,
595 1016 651 1085 par
682 1008 732 1065 cst
764 1016 838 1065 erum
862 997 1010 1086 adjicere,
1034 996 1190 1087 quidquid
1214 1008 1322 1086 agant,

255 1102 376 1173 etiamsi
391 1101 444 1169 suat
455 1102 495 1168 ad
515 1102 756 1171 similitudinem
769 1102 920 1179 bominis.
935 1105 1006 1173 sine
1025 1103 1090 1171 ullo
1102 1104 1209 1193 peragi
1226 1103 1326 1174 intel-

256 1208 349 1277 lectu.
372 1209 419 1277 lta
443 1230 516 1279 cum
532 1208 595 1277 duo
616 1209 682 1279 siut
700 1209 732 1278 in
750 1210 872 1287 bestiis,
903 1210 1074 1280 instinctus
1088 1220 1209 1279 naturae
1225 1224 1258 1279 et
1270 1211 1326 1279 iu-

257 1315 414 1397 collectus,
430 1337 530 1384 unum
543 1316 764 1385 tantummodo
786 1314 879 1387 Philo
900 1316 1050 1385 admitit.
1074 1315 1170 1387 Curta
1185 1318 1329 1409 prolecto

255 1424 423 1503 sententia,
439 1422 543 1511 qualis
569 1432 630 1503 est,
657 1434 787 1492 auctore
813 1421 930 1507 Tullio,
949 1433 1054 1493 cetera
1077 1424 1327 1513 praetermitten-

259 1531 352 1608 tium,
378 1529 455 1596 dnm
479 1528 598 1615 eligant
617 1528 733 1617 aliquid
762 1528 848 1618 quod
871 1530 1091 1619 amplexentur
1106 1530 1210 1600 unice.
1229 1530 1333 1601 Unice

259 1647 364 1706 autem
377 1635 454 1703 dum
468 1633 559 1703 Plrilo
579 1635 751 1724 impulsum
767 1646 889 1704 naturae
913 1636 987 1705 ierac
1008 1635 1163 1716 attribuit,
1187 1634 1334 1706 Cartesio

261 1744 380 1835 placeat
401 1740 488 1821 licet,
522 1742 686 1831 plerisque
710 1741 906 1831 philosophis
930 1743 1072 1811 minime.
1096 1740 1287 1832 Quanquam
1305 1742 1338 1812 id

263 1849 354 1921 Philo
368 1858 476 1917 contra
491 1869 526 1917 se
540 1848 687 1917 instituit.
699 1847 783 1917 Nam
792 1848 854 1918 alio
864 1847 934 1919 loco
947 1849 986 1940 (c)
998 1848 1099 1918 sensit
1111 1850 1248 1933 diversa,
1260 1870 1335 1919 cum

262 1956 387 2027 edocuit
399 1953 559 2044 quomodo
572 1975 623 2024 res
638 1954 745 2023 auimo
759 1955 986 2045 percipiantur.
1003 1955 1074 2024 Tria
1088 1965 1196 2025 autem
1210 1957 1333 2027 discer-

161 2056 163 2061 ’
264 2071 323 2152 nit,
338 2071 536 2141 intellectum
548 2068 658 2161 (νοῦν),
670 2069 822 2161 sensum(
832 2065 989 2159 αἴσθησις)
1002 2082 1033 2139 et
1053 2071 1202 2141 sensibile
1216 2063 1339 2162 (ciebu-

263 2166 315 2235 τόν
327 2167 556 2259 ).lntellectum
568 2177 601 2236 ct
612 2167 762 2237 sensibile
771 2180 913 2237 extrema
926 2190 998 2237 esse
1010 2167 1098 2252 dicit,
1111 2168 1252 2238 medium
1261 2190 1337 2240 aero

266 2295 409 2358 sensum,
421 2294 460 2344 eo
472 2274 658 2362 fungentem
667 2294 801 2341 mouere
815 2284 850 2341 ut
864 2287 1009 2343 mentem
1023 2274 1064 2344 dc
1076 2275 1173 2345 rebus
1182 2276 1221 2345 ad
1235 2276 1340 2366 ipsum

266 2382 403 2451 admotis
418 2380 511 2449 veluti
537 2390 675 2449 moueat.
706 2380 782 2451 Haec
796 2400 814 2448 a
830 2380 961 2450 Platone
989 2391 1019 2451 et
1050 2381 1220 2451 Aristotele
1244 2382 1337 2453 Philo

268 2487 446 2577 desumpsit
460 2498 651 2576 opportune.
669 2486 733 2556 Sed
748 2488 803 2577 qui
815 2488 909 2558 taeter
933 2488 985 2557 bis
1008 2508 1185 2577 congruere
1196 2510 1286 2557 suam
1298 2490 1338 2559 de

268 2595 457 2665 animalibus
469 2593 715 2683 disputationem
730 2595 748 2662 l
761 2595 910 2684 quoniam
923 2596 1010 2663 cuim
1024 2596 1161 2663 instituit
1175 2615 1226 2664 res
1240 2594 1333 2663 intel·

265 2706 346 2773 lectu
361 2700 491 2792 percipi,
508 2710 539 2770 et
551 2700 745 2770 intellectum
760 2722 888 2770 omnem
897 2701 999 2770 brutis
1011 2701 1337 2785 adimit,continuone

266 2810 405 2900 negabit,
424 2829 463 2876 nc
475 2829 509 2876 sc
522 2809 589 2897 ipse
601 2808 738 2888 deserat,
761 2807 921 2898 percipere
938 2807 1114 2904 quidquam
1125 2808 1285 2889 animalia,
1304 2820 1341 2877 ut

267 2924 461 3006 negaverunt
474 2913 570 2983 Stoici
585 2913 602 2982 l
617 2915 659 2984 dt
679 2918 746 2983 baec
761 2916 828 3002 ipsa
843 2915 1001 2984 sententia
1015 2936 1034 2982 a
1047 2913 1181 2984 Philone
1194 2916 1340 2984 conluta-

268 3035 328 3093 tur.
355 3021 449 3096 Nam.
473 3021 591 3091 oblitus
619 3021 679 3104 sui,
709 3042 815 3090 rerum
841 3021 978 3111 aliquam
1004 3022 1241 3111 perceptionem
1266 3022 1340 3089 ani·

271 3130 344 3198 mali
367 3129 522 3209 concedit,
551 3148 624 3196 cum
646 3129 737 3216 paulo
757 3141 831 3195 ante
859 3127 1040 3198 Alexandro
1061 3128 1145 3197 idem
1167 3138 1200 3196 et
1228 3127 1342 3196 iisdem

267 3237 371 3305 verbis
397 3235 601 3306 defensitanti
627 3235 850 3303 succensisset.
879 3261 894 3297 n
924 3234 1004 3314 Etsi,
1022 3234 1137 3322 inquit,
1157 3234 1341 3313 deturderae

268 3342 427 3433 perceptio
441 3343 557 3430 aliqua,
580 3341 713 3409 obscura
724 3351 900 3415 tamencst.
911 3338 1180 3430 quemadmodum
1192 3340 1224 3408 in
1235 3340 1341 3430 pueris

268 3449 508 3540 comprehensio
535 3447 674 3516 scientiae
703 3448 825 3514 incerta
846 3458 894 3516 est
920 3460 951 3515 et
970 3447 1167 3530 inconstans,
1181 3447 1267 3537 quod
1283 3467 1344 3514 eo-

271 3578 338 3623 rum
359 3555 538 3624 intellectus
553 3553 655 3620 adhuc
673 3553 875 3641 imperfectus
889 3555 970 3621 sit.»
988 3553 1094 3622 Aurea
1106 3553 1201 3631 dicta,
1218 3555 1347 3621 meher.

270 3663 329 3743 cle,
343 3663 398 3730 sed
414 3661 530 3750 quibus
544 3660 654 3728 uellem
670 3679 687 3726 a
701 3671 804 3732 actor¹
817 3660 890 3750 ipse
910 3682 974 3728 non
988 3659 1230 3728 contradixisset
1243 3660 1276 3726 in
1291 3679 1346 3728 re·

278 3769 362 3857 liqua
374 3787 430 3836 sua
445 3766 669 3856 disputatione.

316 3874 487 3942 brutorum
509 3873 646 3940 animam
679 3893 740 3938 non
773 3874 876 3940 solum
902 3873 934 3940 in
960 3870 1067 3940 libello
1091 3871 1131 3940 de
1157 3871 1345 3940 animalibus

283 4044 296 4049 ..
303 4045 315 4050 ..
324 4042 388 4050 ..ρ-
398 4042 436 4050 ..a-

320 4113 351 4186 tc)
364 4113 404 4170 Cf.
418 4113 456 4170 les
474 4109 622 4180 ttlopories
637 4111 671 4168 tle
684 4110 707 4166 la
720 4110 765 4168 lui.
