3192 5475
655 522 763 589 -71
788 558 845 605 -,

208 658 392 745 appetitum.
402 659 480 743 Qsae
492 672 597 731 antem
606 672 743 733 mentem
758 662 867 733 sortita
874 673 950 731 sunt
960 663 1139 733 hsinterior
1145 684 1270 749 sensns,

207 772 262 831 aut
274 767 446 855 perceptio,
463 767 582 856 opinio,
599 768 792 838 ratiocinatio
806 765 932 849 adsunt3
958 779 991 839 et
1019 768 1072 837 illa
1094 770 1142 838 ris
1161 770 1272 861 imagi·

207 872 302 937 nandi
317 892 390 959 quae
404 894 466 941 non
482 894 589 942 rerum
602 886 819 944 commovetur
832 875 1020 957 simulacris,
1035 876 1143 945 sodex
1156 897 1191 945 sc
1203 878 1271 967 ipsa

205 974 292 1043 elicit
310 990 342 1043 et
359 980 517 1067 progignit
540 980 660 1068 effigies
679 980 794 1069 quihus
818 982 984 1049 sententiae
1007 982 1204 1063 vestiantur3
1228 982 1270 1051 etl

205 1081 274 1149 haec
282 1084 432 1152 memoria
441 1097 472 1152 et
486 1086 641 1155 voluntas.
655 1086 718 1155 llcs
732 1087 773 1154 ita
785 1106 860 1154 enm
871 1086 1167 1169 secrevitPlotiuus,
1179 1088 1270 1157 bruta

204 1209 331 1275 quoquc
352 1190 529 1259 intellectus
549 1192 731 1281 particulam
744 1193 889 1261 obtinere
909 1192 999 1263 lacile
1024 1194 1152 1275 credas,
1175 1195 1270 1285 idque

206 1296 379 1363 concedere
391 1296 626 1386 philosophum,
657 1298 912 1387 quandoquidem
936 1319 987 1367 res
1006 1300 1197 1389 percipiant,
1213 1320 1268 1369 ra-

204 1399 517 1490 ciecinauturaliquo
530 1404 637 1485 modo,
652 1414 682 1471 et
696 1404 920 1471 meminerunt.
945 1403 1077 1475 Minime
1089 1426 1165 1475 vero
1187 1426 1269 1474 con·

202 1504 299 1586 cedit,
318 1516 444 1596 propter
455 1528 508 1577 eas
521 1530 597 1597 quas
611 1509 809 1597 amplectitur
822 1508 1007 1577 facultatum
1026 1529 1136 1579 earum
1158 1510 1270 1580 delini-

202 1610 352 1681 nitioncs.
385 1614 466 1683 Cum
496 1614 580 1683 euim
614 1614 756 1705 plerique
791 1614 968 1705 philosophi
1003 1636 1134 1685 sensum
1164 1616 1269 1707 ipsum

202 1718 366 1817 (αἴσθησις)
394 1747 412 1795 3
436 1730 636 1815 perceptione
662 1724 858 1819 (ἐπαίσθησις)
885 1728 1110 1812 discreverint,
1137 1748 1268 1798 sensnm

200 1833 385 1921 appelautes
405 1834 644 1922 impressionem
659 1836 770 1903 luctam
785 1834 819 1902 in
842 1835 953 1911 oculis,
968 1834 1098 1903 auribus
1121 1846 1178 1903 aut
1198 1834 1268 1905 aliis

201 1939 359 2007 sentiendi
390 1940 629 2022 instrumentis,
660 1940 895 2029 perceptionem
922 1961 997 2009 vero
1021 1940 1267 2011 commotionem

199 2044 298 2113 animi
322 2066 390 2113 rem
403 2047 442 2115 ad
456 2065 551 2134 quam
563 2056 687 2115 erectus
698 2047 794 2115 luerit
804 2047 1038 2135 cognoscentis,
1056 2046 1202 2117 Plotiuus
1225 2049 1266 2117 ab

199 2171 237 2219 ea
250 2150 407 2219 sententia
430 2149 567 2219 dellexit.
585 2152 755 2240 Postquam
780 2152 865 2220 enim
878 2170 1007 2221 sensum
1031 2153 1267 2243 aperceptione

197 2267 284 2327 recte
296 2256 482 2344 segregavit,
495 2256 660 2325 hancdieit
674 2278 737 2325 non
749 2278 802 2325 res
816 2258 899 2338 ipsas
915 2257 1012 2347 (quod
1023 2278 1142 2328 munus
1155 2259 1265 2329 sensui

199 2362 387 2453 reservatur)
400 2362 458 2430 sed
473 2382 579 2431 rerum
593 2364 708 2432 termas
719 2363 966 2452 apprehendere.
984 2363 1038 2431 Sic
1059 2365 1141 2431 oculi
1156 2364 1266 2434 rident

194 2471 354 2547 arborem,
380 2488 469 2537 mens
494 2478 613 2549 antem,
639 2488 696 2557 per
723 2469 895 2537 fenestram
919 2468 1096 2551 oculorum,
1129 2470 1263 2559 liguram

196 2576 300 2645 ceruit
320 2574 450 2643 arboris.
480 2574 577 2661 Atqui
595 2594 702 2641 rerum
726 2574 836 2643 formae
862 2594 926 2662 pon
948 2593 1106 2663 corporeae
1120 2569 1265 2645 sunt'aut

195 2682 341 2760 sensiles,
358 2680 414 2750 sed
428 2679 638 2767 intelligibiles
662 2691 797 2762 tautum,
814 2700 916 2768 coque
941 2680 1009 2770 ipso
1023 2680 1153 2751 nomine
1164 2683 1262 2754 intel-

197 2787 507 2875 lectusiistanqnam
523 2786 706 2874 pahnlosno
718 2785 867 2874 pascitur.
886 2785 974 2868 Quas
986 2804 1061 2856 vere
1073 2788 1173 2858 hestia
1195 2811 1260 2858 non

183 2894 340 2985 percipit.
358 2893 440 2964 Nam
468 2891 507 2960 ad
526 2891 622 2959 istam
638 2891 796 2980 pertinent
811 2912 1009 2981 quaecunque
1034 2906 1163 2962 merent
1185 2914 1259 2962 cor·
1351 2912 1360 2932 ·

193 3021 267 3089 pus,
280 3021 344 3068 non
355 3019 425 3087 quae
439 3009 589 3066 ruentem.
603 2997 698 3066 Bruta
711 2997 807 3085 igitur
816 2997 1017 3086 perceptione
1028 3010 1149 3082 carent,
1165 3011 1262 3090 atque

194 3127 260 3176 uno
272 3107 325 3174 illo
340 3125 433 3174 seusu
446 3114 579 3171 utuntur
591 3103 646 3191 qui
659 3103 772 3172 animae
798 3102 918 3171 ratitmc
931 3106 1050 3172 carenti
1066 3105 1257 3194 conjunctus

193 3233 256 3284 est.
267 3249 312 3262 -
323 3211 377 3279 llla
391 3221 496 3278 antem
510 3209 669 3278 dialectica
680 3209 780 3298 magis
793 3229 890 3298 quam
902 3229 985 3277 scra.
999 3210 1159 3278 Plotinum
1171 3212 1259 3280 euim

192 3320 265 3390 sinc
278 3317 390 3405 injuria
403 3315 641 3403 interrogaueris
655 3336 711 3383 eur
725 3315 801 3384 velit
815 3314 1048 3404 perceptionem
1066 3335 1173 3384 rernm
1188 3316 1257 3386 lor-

193 3426 257 3496 mis
269 3421 541 3513 apprehendendis
553 3421 717 3490 contineri.
733 3420 818 3490 Num
843 3441 916 3490 nera
937 3422 988 3488 illa
1007 3421 1167 3510 perceptio
1182 3424 1257 3492 est?

193 3533 311 3603 Nonne
326 3531 429 3619 potius
452 3548 521 3595 carn
545 3527 697 3615 appellem
723 3527 787 3594 vim
802 3527 983 3614 ¹quamdam
1006 3526 1198 3614 imaginandi
1224 3539 1257 3598 et

190 3634 420 3709 abstrahendi?
442 3633 568 3702 Etenim
582 3633 659 3699 nihil
681 3633 766 3700 aliud
789 3642 839 3700 est
863 3632 948 3721 quod
972 3631 1061 3700 aiunt
1075 3631 1256 3703 abstrahere

190 3751 289 3835 quarn
302 3763 320 3811 a
332 3742 425 3810 rebus
433 3761 540 3808 rerum
551 3739 757 3828 proprietates
771 3739 1061 3821 mentedetrabere,
1072 3740 1254 3810 utcolorem

189 3867 223 3921 et
236 3852 377 3938 liguram.
395 3847 500 3916 Bestia
515 3867 607 3934 porro
620 3865 691 3912 curu
704 3864 816 3934 parum
831 3844 987 3932 intelligat
1012 3854 1044 3912 et
1074 3846 1160 3912 nulla
1176 3865 1252 3915 ora-

190 3958 279 4026 tioue
293 3965 411 4030 utatur,
425 3973 490 4021 uon
504 3952 586 4019 valet
600 3950 748 4039 adjectiva
760 3969 894 4038 quaeque
908 3947 1063 4018 deducere
1078 3951 1118 4016 ah
1132 3950 1170 4018 iis
1181 3973 1252 4039 quae
1277 3957 1282 3966 '

190 4063 340 4142 subsunt;
362 4069 481 4127 atvero
504 4058 530 4124 si
557 4078 621 4124 non
645 4055 853 4143 intelligibile,
882 4055 997 4124 sensile
1021 4054 1130 4124 saltem
1154 4058 1252 4146 probe

189 4165 305 4250 cernit,
320 4176 415 4255 atquc
427 4164 469 4232 ita
484 4161 629 4232 distincte
655 4172 690 4230 ut
722 4181 757 4232 ea
782 4180 931 4250 germano
944 4161 1102 4252 perceptio
1117 4161 1250 4236 dicenda
