3192 5475
811 504 899 610 ...ξε
921 553 966 569 .-

354 667 489 747 qnorum
503 659 617 728 libellis
630 662 670 729 de
681 661 739 729 hae
753 670 861 728 nostra
883 660 1058 749 quaestione
1075 660 1199 749 scriptis
1220 659 1425 748 aliquantum

354 765 605 849 immorabimur,
617 769 733 835 morin
748 767 996 835 Alexandrinum
1007 767 1163 835 Musaeum
1174 766 1349 849 transituri,
1363 768 1427 834 ubi

355 870 524 960 disputatio
548 883 669 954 nostra,
693 873 776 962 apud
790 873 964 956 Plotinum,
977 873 1187 963 Porphyrium
1201 882 1242 963 ‚et
1255 871 1422 953 Proclum,

354 978 484 1047 velutin
498 988 604 1067 portu,
620 979 808 1068 requiescet.

399 1082 478 1151 Cum
505 1096 627 1153 veteres
651 1086 717 1153 sere
741 1106 853 1153 omnes
879 1086 1070 1153 crediderint
1097 1106 1138 1154 ex
1162 1107 1228 1155 nno
1242 1086 1424 1173 eodemque

354 1190 506 1280 principio
518 1191 629 1258 mundi
641 1191 879 1260 universitatem
890 1213 960 1260 esse
972 1193 1157 1280 prolectam,
1174 1212 1211 1260 ea
1227 1192 1288 1259 luit
1302 1190 1424 1279 impri-

356 1296 417 1365 mis
431 1296 510 1364 ratio
522 1298 781 1387 philosophopum
807 1299 861 1387 qui
890 1298 1022 1380 Ioniam,
1040 1298 1174 1380 ltaliam,
1188 1297 1297 1366 Eleam
1308 1296 1424 1364 urbem

356 1412 389 1471 ct
399 1402 557 1471 Abderam
569 1403 688 1491 ingenii
700 1405 749 1471 sui
761 1404 881 1472 lumine
893 1404 1137 1472 illustraverunt.
1155 1404 1233 1471 Inde
1252 1413 1358 1470 autem
1370 1403 1423 1468 al-

356 1519 511 1577 terutrum
525 1510 580 1577 liat
591 1529 720 1578 necesse
735 1521 792 1579 est.
809 1510 843 1577 Si
857 1510 942 1579 enirn
956 1512 1132 1579 substantia
1146 1511 1197 1577 illa
1212 1530 1304 1598 equa
1315 1507 1424 1597 genita

357 1636 427 1683 esso
439 1616 545 1684 omnia
557 1616 677 1701 dicunt,
694 1638 844 1706 corporea
857 1617 995 1693 ducitur,
1012 1617 1138 1699 llahilis,
1154 1618 1258 1704 ignea,
1274 1614 1425 1681 autaliud

357 1722 389 1789 id
400 1744 514 1811 genus,
529 1733 563 1791 et
575 1734 688 1791 natura
715 1723 864 1812 quaelibet
887 1724 928 1789 ab
955 1724 1042 1790 omni
1060 1723 1201 1811 seiugata
1221 1722 1425 1790 concretione

357 1830 497 1897 tollenda
510 1840 570 1911 est,
585 1830 735 1899 continuo
747 1830 834 1896 omni
849 1828 988 1910 animali,
1005 1828 1070 1896 sive
1096 1850 1223 1917 corpus,
1240 1828 1306 1896 sire
1326 1827 1426 1895 etiam

357 1936 553 2005 intellectum
567 1935 712 2017 intueris,
726 1935 806 2002 nihil
819 1934 879 2001 nisi
901 1955 1087 2022 corporeum
1102 1934 1196 2003 inerit
1214 1958 1221 2017 ;
1238 1956 1276 2003 ex
1290 1954 1353 2021 quo
1367 1953 1424 1999 se·

358 2042 466 2130 quitur
479 2041 642 2110 materiam
656 2043 739 2130 apud
752 2042 846 2108 bruta
856 2041 946 2129 juxta
972 2050 1004 2107 ot
1028 2041 1189 2108 hominem
1212 2061 1250 2107 ea
1276 2039 1426 2107 facultate

359 2150 508 2217 donatam
520 2170 589 2217 esse
615 2159 651 2215 ut
675 2147 803 2229 seruiat,
824 2147 883 2215 sibi
908 2147 1052 2214 consulat
1076 2168 1132 2235 per
1146 2146 1361 2235 sagacitatem,
1389 2155 1424 2212 et

360 2254 419 2323 alia
429 2255 570 2344 perficiat
587 2254 762 2343 prudentiae
776 2273 919 2321 munera.
938 2253 995 2320 Sin
1006 2263 1113 2321 autem
1125 2254 1314 2318 Pantheistae
1331 2252 1425 2342 (quos

360 2370 554 2439 Leibnitrius
580 2372 661 2438 bene
695 2380 786 2439 vocat
811 2366 1047 2459 puvoqoqhwe)
1073 2367 1271 2455 singulorum
1302 2365 1426 2433 animas

360 2478 400 2545 ab
426 2479 610 2566 incorporeo
647 2476 769 2545 semine
796 2485 882 2544 ortas
906 2474 1111 2555 arbitrantur,
1139 2474 1288 2561 quoniam
1312 2471 1424 2539 eadem

358 2583 411 2651 illa
435 2584 529 2651 visin
555 2583 660 2652 omnia
684 2602 882 2670 quaeeunque
903 2581 1013 2647 vivunt
1035 2589 1067 2646 et
1086 2580 1229 2647 sentiunt
1252 2577 1421 2657 emanavit,

360 2691 453 2758 bruta
478 2690 591 2759 eodem
617 2689 790 2770 intellectu,
821 2688 941 2756 eisdem
967 2687 1168 2755 lacultatibus
1188 2685 1422 2774 quibushomo‚

360 2797 512 2864 instructa
527 2797 745 2885 reperiuntur,
756 2796 937 2882 Utcumque
947 2793 1041 2880 igitur
1052 2793 1189 2860 animam
1202 2792 1312 2858 mundi
1325 2801 1425 2858 mate-

360 2904 438 2971 riam
450 2905 501 2973 vel
513 2913 652 2972 mentem
664 2901 893 2991 interpretaris,
909 2900 1092 2966 animalium
1118 2899 1345 2986 hominumque
1365 2918 1424 2986 ge-

362 3031 424 3080 nus
435 3011 546 3088 eadem
561 3011 718 3078 elementa
728 3009 761 3075 in
771 3029 806 3075 se
818 3007 957 3095 recipere
968 3004 1130 3072 latendum
1151 3015 1210 3072 est.

406 3118 510 3200 Quam
527 3117 709 3206 opinionem
730 3112 930 3183 vetustissimi
949 3112 1066 3201 quique
1089 3111 1266 3200 philosophi
1290 3111 1427 3198 ingenue

361 3205 461 3296 secuti
482 3235 568 3306 sunt,
585 3223 711 3291 sibimet
722 3221 798 3311 ipsis
812 3219 952 3308 apprime
963 3218 1198 3285 convenientes.
1216 3216 1330 3284 Thales
1342 3216 1426 3282 onim

362 3355 488 3425 aquam,
505 3331 718 3401 Anaximenes
729 3348 848 3407 aerem,
862 3324 1068 3393 Parmenides
1086 3333 1118 3391 et
1131 3323 1311 3390 Heraclitus
1322 3323 1427 3410 ignem

362 3443 461 3510 luisse
472 3459 582 3508 semen
601 3436 686 3503 unde
706 3455 740 3501 se
761 3431 900 3499 mundus
914 3429 1074 3510 extulerit,
1089 3429 1311 3517 praedicabant,
1326 3428 1426 3516 snbji-

363 3551 550 3634 ciebantque
567 3542 630 3609 vim
646 3541 744 3620 illarn,
758 3539 842 3614 vitae,
856 3535 1003 3603 morendi
1029 3547 1061 3602 et
1085 3535 1281 3622 intelligendi
1306 3535 1427 3624 princi-

363 3659 470 3748 pium,
481 3653 514 3720 in
524 3649 630 3719 omnia
640 3642 905 3736 pariteranimalia
917 3662 987 3710 esse
999 3641 1155 3709 diffusam.
1167 3640 1238 3722 Qua
1250 3642 1282 3707 in
1298 3651 1427 3709 senten-

365 3765 406 3831 tia
419 3761 516 3829 luisse
522 3755 712 3825 Archelaum
720 3749 812 3818 testis
825 3757 873 3815 ost
881 3747 1428 3836 Diogeneslaertius,Empedoclem

364 3869 509 3939 Stobaeus
523 3874 555 3931 et
571 3862 790 3945 Anaxagoram
806 3854 877 3943 (etsi
888 3874 952 3920 uon
967 3853 1046 3919 nihil
1058 3853 1288 3943 fluctuantem),
1302 3854 1425 3921 Aristo-

364 3977 454 4045 teles.
481 3967 634 4052 Quamvis
658 3972 763 4032 autem
777 3961 944 4028 brutorum
959 3969 992 4027 et
1005 3959 1172 4026 hominurn
1183 3959 1306 4027 animas
1319 3961 1426 4028 eadem

365 4077 502 4150 essentia
517 4084 662 4143 constare
676 4067 773 4137 lonici
796 4067 1033 4148 concluderent,
1063 4076 1169 4132 tamen
1189 4065 1428 4135 deriderentur

365 4164 791 4259 contumeliose‘maledicere
803 4171 1092 4254 hornini,nonunlli
1105 4173 1186 4240 hanc
1197 4171 1429 4245 distinctionem
