<?xml version="1.0" encoding="UTF-8"?>
<!DOCTYPE html PUBLIC "-//W3C//DTD XHTML 1.0 Transitional//EN"
    "http://www.w3.org/TR/xhtml1/DTD/xhtml1-transitional.dtd">
<html xmlns="http://www.w3.org/1999/xhtml" xml:lang="en" lang="en">
 <head>
  <title>
</title>
<meta http-equiv="Content-Type" content="text/html;charset=utf-8" />
  <meta name='ocr-system' content='tesseract 3.04.00' />
  <meta name='ocr-capabilities' content='ocr_page ocr_carea ocr_par ocr_line ocrx_word'/>
</head>
<body>
  <div class='ocr_page' id='page_1' title='image "./deanimabrutorum00brgoog_0089.png"; bbox 0 0 3192 5475; ppageno 0'>
   <div class='ocr_carea' id='block_1_1' title="bbox 670 490 849 558">
    <p class='ocr_par' dir='ltr' id='par_1_1' title="bbox 670 490 849 558">
     <span class='ocr_line' id='line_1_1' title="bbox 670 490 849 558; baseline 0.006 -18"><span class='ocrx_word' id='word_1_1' title='bbox 670 490 849 558; x_wconf 67' lang='lat'>..39-</span> 
     </span>
    </p>
   </div>
   <div class='ocr_carea' id='block_1_2' title="bbox 219 628 1290 1360">
    <p class='ocr_par' dir='ltr' id='par_1_2' title="bbox 219 628 1290 1360">
     <span class='ocr_line' id='line_1_2' title="bbox 222 628 1289 720; baseline 0.001 -24"><span class='ocrx_word' id='word_1_2' title='bbox 222 630 283 696; x_wconf 94' lang='lat' dir='ltr'>sibi</span> <span class='ocrx_word' id='word_1_3' title='bbox 298 650 315 696; x_wconf 91' lang='lat' dir='ltr'>a</span> <span class='ocrx_word' id='word_1_4' title='bbox 329 628 458 697; x_wconf 90' lang='lat' dir='ltr'>domino</span> <span class='ocrx_word' id='word_1_5' title='bbox 469 630 618 699; x_wconf 87' lang='lat' dir='ltr'>cornitem</span> <span class='ocrx_word' id='word_1_6' title='bbox 635 632 790 720; x_wconf 90' lang='lat' dir='ltr'>impetant</span> <span class='ocrx_word' id='word_1_7' title='bbox 808 633 925 700; x_wconf 83' lang='lat' dir='ltr'>infesti.</span> <span class='ocrx_word' id='word_1_8' title='bbox 943 632 1006 701; x_wconf 90' lang='lat' dir='ltr'>Ubi</span> <span class='ocrx_word' id='word_1_9' title='bbox 1019 652 1093 699; x_wconf 83' lang='lat' dir='ltr'>vcro</span> <span class='ocrx_word' id='word_1_10' title='bbox 1108 630 1148 697; x_wconf 94' lang='lat' dir='ltr'>de</span> <span class='ocrx_word' id='word_1_11' title='bbox 1172 632 1289 699; x_wconf 83' lang='lat' dir='ltr'>femina</span> 
     </span>
     <span class='ocr_line' id='line_1_3' title="bbox 219 738 1285 827; baseline 0.001 -23"><span class='ocrx_word' id='word_1_12' title='bbox 219 757 297 804; x_wconf 88' lang='lat' dir='ltr'>cane</span> <span class='ocrx_word' id='word_1_13' title='bbox 310 745 433 824; x_wconf 84' lang='lat' dir='ltr'>agetur,</span> <span class='ocrx_word' id='word_1_14' title='bbox 450 756 546 824; x_wconf 88' lang='lat' dir='ltr'>quam</span> <span class='ocrx_word' id='word_1_15' title='bbox 571 738 706 805; x_wconf 90' lang='lat' dir='ltr'>aemulus</span> <span class='ocrx_word' id='word_1_16' title='bbox 722 740 879 827; x_wconf 81' lang='lat' dir='ltr'>quispiam</span> <span class='ocrx_word' id='word_1_17' title='bbox 901 738 1012 813; x_wconf 76' lang='lat' dir='ltr'>ambit,</span> <span class='ocrx_word' id='word_1_18' title='bbox 1039 738 1172 807; x_wconf 88' lang='lat' dir='ltr'>caninus</span> <span class='ocrx_word' id='word_1_19' title='bbox 1192 738 1285 805; x_wconf 83' lang='lat' dir='ltr'>affec-</span> 
     </span>
     <span class='ocr_line' id='line_1_4' title="bbox 221 843 1290 931; baseline 0.002 -22"><span class='ocrx_word' id='word_1_20' title='bbox 221 852 273 909; x_wconf 88' lang='lat' dir='ltr'>tus</span> <span class='ocrx_word' id='word_1_21' title='bbox 291 843 331 909; x_wconf 93' lang='lat' dir='ltr'>ab</span> <span class='ocrx_word' id='word_1_22' title='bbox 345 844 484 911; x_wconf 91' lang='lat' dir='ltr'>humano</span> <span class='ocrx_word' id='word_1_23' title='bbox 500 844 671 931; x_wconf 90' lang='lat' dir='ltr'>plurimum</span> <span class='ocrx_word' id='word_1_24' title='bbox 683 846 825 913; x_wconf 83' lang='lat' dir='ltr'>distabit.</span> <span class='ocrx_word' id='word_1_25' title='bbox 843 846 948 914; x_wconf 88' lang='lat' dir='ltr'>Homo</span> <span class='ocrx_word' id='word_1_26' title='bbox 962 846 1061 926; x_wconf 88' lang='lat' dir='ltr'>enim,</span> <span class='ocrx_word' id='word_1_27' title='bbox 1078 846 1105 912; x_wconf 90' lang='lat' dir='ltr'>si</span> <span class='ocrx_word' id='word_1_28' title='bbox 1120 845 1210 911; x_wconf 91' lang='lat' dir='ltr'>datur</span> <span class='ocrx_word' id='word_1_29' title='bbox 1222 845 1290 911; x_wconf 90' lang='lat' dir='ltr'>adi-</span> 
     </span>
     <span class='ocr_line' id='line_1_5' title="bbox 221 950 1288 1040; baseline 0.004 -24"><span class='ocrx_word' id='word_1_30' title='bbox 221 962 273 1017; x_wconf 92' lang='lat' dir='ltr'>tus</span> <span class='ocrx_word' id='word_1_31' title='bbox 286 950 372 1018; x_wconf 89' lang='lat' dir='ltr'>rivali</span> <span class='ocrx_word' id='word_1_32' title='bbox 385 972 455 1031; x_wconf 92' lang='lat' dir='ltr'>suo,</span> <span class='ocrx_word' id='word_1_33' title='bbox 474 950 506 1018; x_wconf 89' lang='lat' dir='ltr'>in</span> <span class='ocrx_word' id='word_1_34' title='bbox 534 952 699 1019; x_wconf 90' lang='lat' dir='ltr'>mulierem</span> <span class='ocrx_word' id='word_1_35' title='bbox 725 953 825 1031; x_wconf 75' lang='lat' dir='ltr'>saevit,</span> <span class='ocrx_word' id='word_1_36' title='bbox 855 954 943 1019; x_wconf 87' lang='lat' dir='ltr'>canis</span> <span class='ocrx_word' id='word_1_37' title='bbox 968 953 1000 1019; x_wconf 92' lang='lat' dir='ltr'>in</span> <span class='ocrx_word' id='word_1_38' title='bbox 1046 952 1288 1040; x_wconf 78' lang='lat' dir='ltr'>competitorem</span> 
     </span>
     <span class='ocr_line' id='line_1_6' title="bbox 221 1056 1287 1146; baseline 0.004 -25"><span class='ocrx_word' id='word_1_39' title='bbox 221 1078 330 1123; x_wconf 91' lang='lat' dir='ltr'>unum.</span> <span class='ocrx_word' id='word_1_40' title='bbox 344 1056 412 1125; x_wconf 89' lang='lat' dir='ltr'>Nec</span> <span class='ocrx_word' id='word_1_41' title='bbox 424 1058 552 1138; x_wconf 82' lang='lat' dir='ltr'>mirum,</span> <span class='ocrx_word' id='word_1_42' title='bbox 576 1058 725 1146; x_wconf 85' lang='lat' dir='ltr'>quoniam</span> <span class='ocrx_word' id='word_1_43' title='bbox 738 1058 782 1123; x_wconf 94' lang='lat' dir='ltr'>illi</span> <span class='ocrx_word' id='word_1_44' title='bbox 797 1058 883 1124; x_wconf 87' lang='lat' dir='ltr'>nulla</span> <span class='ocrx_word' id='word_1_45' title='bbox 898 1058 972 1126; x_wconf 87' lang='lat' dir='ltr'>fidei</span> <span class='ocrx_word' id='word_1_46' title='bbox 986 1068 1041 1125; x_wconf 93' lang='lat' dir='ltr'>aut</span> <span class='ocrx_word' id='word_1_47' title='bbox 1052 1057 1184 1146; x_wconf 86' lang='lat' dir='ltr'>justitiae</span> <span class='ocrx_word' id='word_1_48' title='bbox 1196 1060 1287 1125; x_wconf 91' lang='lat' dir='ltr'>uoti-</span> 
     </span>
     <span class='ocr_line' id='line_1_7' title="bbox 221 1164 1289 1254; baseline 0.006 -27"><span class='ocrx_word' id='word_1_49' title='bbox 221 1164 263 1229; x_wconf 90' lang='lat' dir='ltr'>tia</span> <span class='ocrx_word' id='word_1_50' title='bbox 279 1174 338 1241; x_wconf 88' lang='lat' dir='ltr'>est,</span> <span class='ocrx_word' id='word_1_51' title='bbox 356 1175 386 1231; x_wconf 90' lang='lat' dir='ltr'>et</span> <span class='ocrx_word' id='word_1_52' title='bbox 399 1166 549 1231; x_wconf 68' lang='lat' dir='ltr'>aemulum</span> <span class='ocrx_word' id='word_1_53' title='bbox 565 1164 715 1245; x_wconf 87' lang='lat' dir='ltr'>acatella‚</span> <span class='ocrx_word' id='word_1_54' title='bbox 734 1164 864 1253; x_wconf 79' lang='lat' dir='ltr'><strong>perinde</strong></span> <span class='ocrx_word' id='word_1_55' title='bbox 886 1174 1036 1253; x_wconf 82' lang='lat' dir='ltr'>tanquam</span> <span class='ocrx_word' id='word_1_56' title='bbox 1052 1185 1068 1232; x_wconf 87' lang='lat' dir='ltr'>a</span> <span class='ocrx_word' id='word_1_57' title='bbox 1082 1166 1248 1254; x_wconf 88' lang='lat' dir='ltr'>pulmento</span> <span class='ocrx_word' id='word_1_58' title='bbox 1271 1185 1289 1233; x_wconf 89' lang='lat' dir='ltr'>a</span> 
     </span>
     <span class='ocr_line' id='line_1_8' title="bbox 221 1271 653 1360; baseline 0.005 -25"><span class='ocrx_word' id='word_1_59' title='bbox 221 1290 255 1335; x_wconf 91' lang='lat' dir='ltr'>se</span> <span class='ocrx_word' id='word_1_60' title='bbox 270 1282 501 1359; x_wconf 81' lang='lat' dir='ltr'>praeoccupato,</span> <span class='ocrx_word' id='word_1_61' title='bbox 519 1271 653 1360; x_wconf 90' lang='lat' dir='ltr'>repellit.</span> 
     </span>
    </p>
   </div>
   <div class='ocr_carea' id='block_1_3' title="bbox 133 1395 1289 4363">
    <p class='ocr_par' dir='ltr' id='par_1_3' title="bbox 133 1395 1289 4363">
     <span class='ocr_line' id='line_1_9' title="bbox 269 1395 1289 1483; baseline 0.002 -21"><span class='ocrx_word' id='word_1_62' title='bbox 269 1395 452 1483; x_wconf 80' lang='lat' dir='ltr'>dddequod</span> <span class='ocrx_word' id='word_1_63' title='bbox 470 1396 653 1463; x_wconf 86' lang='lat' dir='ltr'>animalium</span> <span class='ocrx_word' id='word_1_64' title='bbox 679 1395 867 1483; x_wconf 87' lang='lat' dir='ltr'>cupiditates</span> <span class='ocrx_word' id='word_1_65' title='bbox 894 1417 967 1463; x_wconf 92' lang='lat' dir='ltr'>cum</span> <span class='ocrx_word' id='word_1_66' title='bbox 994 1396 1145 1464; x_wconf 87' lang='lat' dir='ltr'>instinctu</span> <span class='ocrx_word' id='word_1_67' title='bbox 1170 1408 1289 1464; x_wconf 76' lang='lat' dir='ltr'>naturae</span> 
     </span>
     <span class='ocr_line' id='line_1_10' title="bbox 218 1502 1286 1592; baseline 0 -22"><span class='ocrx_word' id='word_1_68' title='bbox 218 1523 344 1591; x_wconf 77' lang='lat' dir='ltr'>semper</span> <span class='ocrx_word' id='word_1_69' title='bbox 355 1512 549 1590; x_wconf 82' lang='lat' dir='ltr'>congruunt,</span> <span class='ocrx_word' id='word_1_70' title='bbox 565 1503 638 1591; x_wconf 91' lang='lat' dir='ltr'>quia</span> <span class='ocrx_word' id='word_1_71' title='bbox 653 1502 729 1590; x_wconf 71' lang='lat' dir='ltr'>ipsae</span> <span class='ocrx_word' id='word_1_72' title='bbox 744 1502 903 1570; x_wconf 78' lang='lat' dir='ltr'>naturales</span> <span class='ocrx_word' id='word_1_73' title='bbox 919 1513 1005 1583; x_wconf 90' lang='lat' dir='ltr'>sunt,</span> <span class='ocrx_word' id='word_1_74' title='bbox 1027 1524 1131 1591; x_wconf 90' lang='lat' dir='ltr'>neque</span> <span class='ocrx_word' id='word_1_75' title='bbox 1155 1525 1194 1571; x_wconf 87' lang='lat' dir='ltr'>ex</span> <span class='ocrx_word' id='word_1_76' title='bbox 1212 1505 1286 1592; x_wconf 91' lang='lat' dir='ltr'>opi-</span> 
     </span>
     <span class='ocr_line' id='line_1_11' title="bbox 219 1608 1289 1699; baseline 0.004 -24"><span class='ocrx_word' id='word_1_77' title='bbox 219 1608 369 1676; x_wconf 89' lang='lat' dir='ltr'>nionibus</span> <span class='ocrx_word' id='word_1_78' title='bbox 383 1620 415 1676; x_wconf 88' lang='lat' dir='ltr'>et</span> <span class='ocrx_word' id='word_1_79' title='bbox 424 1609 549 1696; x_wconf 88' lang='lat' dir='ltr'>judiciis</span> <span class='ocrx_word' id='word_1_80' title='bbox 565 1609 723 1676; x_wconf 74' lang='lat' dir='ltr'>derivatae.</span> <span class='ocrx_word' id='word_1_81' title='bbox 735 1608 925 1677; x_wconf 86' lang='lat' dir='ltr'>ldeotaurus</span> <span class='ocrx_word' id='word_1_82' title='bbox 941 1664 947 1689; x_wconf 90' lang='lat'>‚</span> <span class='ocrx_word' id='word_1_83' title='bbox 966 1609 993 1677; x_wconf 90' lang='lat' dir='ltr'>si</span> <span class='ocrx_word' id='word_1_84' title='bbox 1007 1610 1086 1678; x_wconf 89' lang='lat' dir='ltr'>lorte</span> <span class='ocrx_word' id='word_1_85' title='bbox 1102 1631 1199 1697; x_wconf 77' lang='lat' dir='ltr'>reguo</span> <span class='ocrx_word' id='word_1_86' title='bbox 1213 1632 1289 1699; x_wconf 84' lang='lat' dir='ltr'>gre-</span> 
     </span>
     <span class='ocr_line' id='line_1_12' title="bbox 220 1714 1288 1803; baseline 0.005 -23"><span class='ocrx_word' id='word_1_87' title='bbox 220 1716 269 1803; x_wconf 83' lang='lat' dir='ltr'>gis</span> <span class='ocrx_word' id='word_1_88' title='bbox 283 1714 424 1802; x_wconf 88' lang='lat' dir='ltr'>dejectus</span> <span class='ocrx_word' id='word_1_89' title='bbox 440 1714 548 1796; x_wconf 88' lang='lat' dir='ltr'>inerit,</span> <span class='ocrx_word' id='word_1_90' title='bbox 576 1735 639 1782; x_wconf 93' lang='lat' dir='ltr'>nou</span> <span class='ocrx_word' id='word_1_91' title='bbox 657 1716 775 1802; x_wconf 88' lang='lat' dir='ltr'>pudore</span> <span class='ocrx_word' id='word_1_92' title='bbox 794 1724 827 1784; x_wconf 92' lang='lat' dir='ltr'>et</span> <span class='ocrx_word' id='word_1_93' title='bbox 851 1717 1011 1803; x_wconf 78' lang='lat' dir='ltr'>opprobrii</span> <span class='ocrx_word' id='word_1_94' title='bbox 1035 1717 1227 1784; x_wconf 88' lang='lat' dir='ltr'>couscientia</span> <span class='ocrx_word' id='word_1_95' title='bbox 1249 1720 1288 1784; x_wconf 88' lang='lat' dir='ltr'>ad</span> 
     </span>
     <span class='ocr_line' id='line_1_13' title="bbox 222 1820 1287 1910; baseline 0 -21"><span class='ocrx_word' id='word_1_96' title='bbox 222 1833 356 1889; x_wconf 79' lang='lat' dir='ltr'>inertem</span> <span class='ocrx_word' id='word_1_97' title='bbox 369 1822 429 1888; x_wconf 89' lang='lat' dir='ltr'>sibi</span> <span class='ocrx_word' id='word_1_98' title='bbox 444 1820 700 1889; x_wconf 86' lang='lat' dir='ltr'>consciscendam</span> <span class='ocrx_word' id='word_1_99' title='bbox 713 1822 868 1910; x_wconf 82' lang='lat' dir='ltr'>adigetur.</span> <span class='ocrx_word' id='word_1_100' title='bbox 888 1822 958 1889; x_wconf 80' lang='lat' dir='ltr'>,trio</span> <span class='ocrx_word' id='word_1_101' title='bbox 984 1842 1018 1889; x_wconf 87' lang='lat' dir='ltr'>se</span> <span class='ocrx_word' id='word_1_102' title='bbox 1032 1822 1185 1894; x_wconf 82' lang='lat' dir='ltr'>conseret.</span> <span class='ocrx_word' id='word_1_103' title='bbox 1215 1823 1287 1889; x_wconf 89' lang='lat' dir='ltr'>alibi</span> 
     </span>
     <span class='ocr_line' id='line_1_14' title="bbox 222 1927 1281 2015; baseline 0 -19"><span class='ocrx_word' id='word_1_104' title='bbox 222 1941 421 2015; x_wconf 80' lang='lat' dir='ltr'>regnaturus,</span> <span class='ocrx_word' id='word_1_105' title='bbox 435 1949 501 1996; x_wconf 91' lang='lat' dir='ltr'>rem</span> <span class='ocrx_word' id='word_1_106' title='bbox 516 1928 600 1995; x_wconf 91' lang='lat' dir='ltr'>haud</span> <span class='ocrx_word' id='word_1_107' title='bbox 622 1928 755 1995; x_wconf 86' lang='lat' dir='ltr'>moleste</span> <span class='ocrx_word' id='word_1_108' title='bbox 779 1929 909 2009; x_wconf 85' lang='lat' dir='ltr'>serens,</span> <span class='ocrx_word' id='word_1_109' title='bbox 936 1927 993 1995; x_wconf 91' lang='lat' dir='ltr'>sed</span> <span class='ocrx_word' id='word_1_110' title='bbox 1013 1928 1129 1996; x_wconf 87' lang='lat' dir='ltr'>Stoice.</span> <span class='ocrx_word' id='word_1_111' title='bbox 1159 1928 1281 1996; x_wconf 89' lang='lat' dir='ltr'>Natura</span> 
     </span>
     <span class='ocr_line' id='line_1_15' title="bbox 217 2034 1282 2113; baseline -0.002 -8"><span class='ocrx_word' id='word_1_112' title='bbox 217 2036 304 2105; x_wconf 86' lang='lat' dir='ltr'>errim</span> <span class='ocrx_word' id='word_1_113' title='bbox 322 2036 371 2103; x_wconf 91' lang='lat' dir='ltr'>sui</span> <span class='ocrx_word' id='word_1_114' title='bbox 385 2054 527 2103; x_wconf 84' lang='lat' dir='ltr'>amorem</span> <span class='ocrx_word' id='word_1_115' title='bbox 540 2034 727 2102; x_wconf 80' lang='lat' dir='ltr'>animalibus</span> <span class='ocrx_word' id='word_1_116' title='bbox 748 2034 873 2113; x_wconf 88' lang='lat' dir='ltr'>indidit,</span> <span class='ocrx_word' id='word_1_117' title='bbox 893 2055 957 2100; x_wconf 90' lang='lat' dir='ltr'>non</span> <span class='ocrx_word' id='word_1_118' title='bbox 972 2044 1079 2101; x_wconf 89' lang='lat' dir='ltr'>autem</span> <span class='ocrx_word' id='word_1_119' title='bbox 1102 2034 1282 2103; x_wconf 89' lang='lat' dir='ltr'>humanum</span> 
     </span>
     <span class='ocr_line' id='line_1_16' title="bbox 222 2141 1286 2232; baseline -0.003 -22"><span class='ocrx_word' id='word_1_120' title='bbox 222 2145 307 2211; x_wconf 88' lang='lat' dir='ltr'>hunc</span> <span class='ocrx_word' id='word_1_121' title='bbox 318 2163 446 2211; x_wconf 91' lang='lat' dir='ltr'>sensum</span> <span class='ocrx_word' id='word_1_122' title='bbox 460 2142 515 2230; x_wconf 86' lang='lat' dir='ltr'>qui</span> <span class='ocrx_word' id='word_1_123' title='bbox 527 2141 626 2229; x_wconf 85' lang='lat' dir='ltr'>gloria</span> <span class='ocrx_word' id='word_1_124' title='bbox 638 2150 694 2207; x_wconf 90' lang='lat' dir='ltr'>aut</span> <span class='ocrx_word' id='word_1_125' title='bbox 706 2142 827 2207; x_wconf 88' lang='lat' dir='ltr'>vanitas</span> <span class='ocrx_word' id='word_1_126' title='bbox 841 2141 968 2222; x_wconf 87' lang='lat' dir='ltr'>dicitur,</span> <span class='ocrx_word' id='word_1_127' title='bbox 986 2163 1057 2229; x_wconf 88' lang='lat' dir='ltr'>quae</span> <span class='ocrx_word' id='word_1_128' title='bbox 1068 2141 1190 2232; x_wconf 88' lang='lat' dir='ltr'>ranitas</span> <span class='ocrx_word' id='word_1_129' title='bbox 1204 2163 1222 2209; x_wconf 90' lang='lat' dir='ltr'>c</span> <span class='ocrx_word' id='word_1_130' title='bbox 1235 2143 1286 2208; x_wconf 90' lang='lat' dir='ltr'>ni-</span> 
     </span>
     <span class='ocr_line' id='line_1_17' title="bbox 223 2246 1283 2337; baseline -0.002 -20"><span class='ocrx_word' id='word_1_131' title='bbox 223 2251 286 2318; x_wconf 88' lang='lat' dir='ltr'>mio</span> <span class='ocrx_word' id='word_1_132' title='bbox 304 2251 351 2317; x_wconf 90' lang='lat' dir='ltr'>sui</span> <span class='ocrx_word' id='word_1_133' title='bbox 366 2269 473 2317; x_wconf 91' lang='lat' dir='ltr'>amore</span> <span class='ocrx_word' id='word_1_134' title='bbox 487 2248 607 2316; x_wconf 90' lang='lat' dir='ltr'>delluit.</span> <span class='ocrx_word' id='word_1_135' title='bbox 625 2248 734 2337; x_wconf 83' lang='lat' dir='ltr'>Ignota</span> <span class='ocrx_word' id='word_1_136' title='bbox 759 2247 875 2335; x_wconf 74' lang='lat' dir='ltr'>pariter</span> <span class='ocrx_word' id='word_1_137' title='bbox 902 2246 940 2313; x_wconf 92' lang='lat' dir='ltr'>iis</span> <span class='ocrx_word' id='word_1_138' title='bbox 976 2248 1165 2336; x_wconf 82' lang='lat' dir='ltr'>desperatio,</span> <span class='ocrx_word' id='word_1_139' title='bbox 1196 2251 1283 2337; x_wconf 88' lang='lat' dir='ltr'>quod</span> 
     </span>
     <span class='ocr_line' id='line_1_18' title="bbox 217 2354 1287 2445; baseline -0.001 -22"><span class='ocrx_word' id='word_1_140' title='bbox 217 2357 372 2445; x_wconf 84' lang='lat' dir='ltr'>judicium</span> <span class='ocrx_word' id='word_1_141' title='bbox 393 2366 439 2423; x_wconf 89' lang='lat' dir='ltr'>cst</span> <span class='ocrx_word' id='word_1_142' title='bbox 456 2356 578 2422; x_wconf 92' lang='lat' dir='ltr'>nullum</span> <span class='ocrx_word' id='word_1_143' title='bbox 598 2356 664 2443; x_wconf 89' lang='lat' dir='ltr'>jam</span> <span class='ocrx_word' id='word_1_144' title='bbox 679 2354 827 2443; x_wconf 91' lang='lat' dir='ltr'>sperandi</span> <span class='ocrx_word' id='word_1_145' title='bbox 841 2354 946 2421; x_wconf 91' lang='lat' dir='ltr'>locum</span> <span class='ocrx_word' id='word_1_146' title='bbox 971 2375 1146 2443; x_wconf 88' lang='lat' dir='ltr'>superesse.</span> <span class='ocrx_word' id='word_1_147' title='bbox 1166 2355 1287 2423; x_wconf 90' lang='lat' dir='ltr'>Poterit</span> 
     </span>
     <span class='ocr_line' id='line_1_19' title="bbox 221 2460 1286 2551; baseline -0.003 -21"><span class='ocrx_word' id='word_1_148' title='bbox 221 2464 427 2551; x_wconf 84' lang='lat' dir='ltr'>igiturbestia</span> <span class='ocrx_word' id='word_1_149' title='bbox 446 2462 718 2530; x_wconf 85' lang='lat' dir='ltr'>conservationem</span> <span class='ocrx_word' id='word_1_150' title='bbox 744 2480 835 2529; x_wconf 89' lang='lat' dir='ltr'>suam</span> <span class='ocrx_word' id='word_1_151' title='bbox 861 2460 1001 2528; x_wconf 85' lang='lat' dir='ltr'>oblivisci</span> <span class='ocrx_word' id='word_1_152' title='bbox 1028 2461 1198 2549; x_wconf 85' lang='lat' dir='ltr'>paulisper,</span> <span class='ocrx_word' id='word_1_153' title='bbox 1229 2482 1286 2550; x_wconf 91' lang='lat' dir='ltr'>pro</span> 
     </span>
     <span class='ocr_line' id='line_1_20' title="bbox 220 2568 1285 2657; baseline -0.001 -21"><span class='ocrx_word' id='word_1_154' title='bbox 220 2571 418 2638; x_wconf 78' lang='lat' dir='ltr'>defendendo</span> <span class='ocrx_word' id='word_1_155' title='bbox 431 2580 520 2657; x_wconf 90' lang='lat' dir='ltr'>partu</span> <span class='ocrx_word' id='word_1_156' title='bbox 529 2568 576 2636; x_wconf 84' lang='lat' dir='ltr'>vel</span> <span class='ocrx_word' id='word_1_157' title='bbox 590 2568 730 2649; x_wconf 89' lang='lat' dir='ltr'>domino,</span> <span class='ocrx_word' id='word_1_158' title='bbox 750 2587 913 2655; x_wconf 89' lang='lat' dir='ltr'>nunquam</span> <span class='ocrx_word' id='word_1_159' title='bbox 925 2588 983 2655; x_wconf 94' lang='lat' dir='ltr'>pro</span> <span class='ocrx_word' id='word_1_160' title='bbox 998 2568 1079 2633; x_wconf 87' lang='lat' dir='ltr'>fama</span> <span class='ocrx_word' id='word_1_161' title='bbox 1090 2569 1218 2644; x_wconf 84' lang='lat' dir='ltr'>tuenda,</span> <span class='ocrx_word' id='word_1_162' title='bbox 1231 2578 1285 2635; x_wconf 92' lang='lat' dir='ltr'>aut</span> 
     </span>
     <span class='ocr_line' id='line_1_21' title="bbox 222 2674 1288 2766; baseline -0.002 -22"><span class='ocrx_word' id='word_1_163' title='bbox 222 2676 296 2766; x_wconf 84' lang='lat' dir='ltr'>quia</span> <span class='ocrx_word' id='word_1_164' title='bbox 324 2675 526 2766; x_wconf 90' lang='lat' dir='ltr'>desponderit</span> <span class='ocrx_word' id='word_1_165' title='bbox 550 2675 690 2744; x_wconf 90' lang='lat' dir='ltr'>animum</span> <span class='ocrx_word' id='word_1_166' title='bbox 722 2674 942 2763; x_wconf 88' lang='lat' dir='ltr'>:reperientur</span> <span class='ocrx_word' id='word_1_167' title='bbox 954 2674 1086 2742; x_wconf 86' lang='lat' dir='ltr'>fortasse</span> <span class='ocrx_word' id='word_1_168' title='bbox 1100 2676 1183 2763; x_wconf 91' lang='lat' dir='ltr'>apud</span> <span class='ocrx_word' id='word_1_169' title='bbox 1206 2676 1288 2743; x_wconf 88' lang='lat' dir='ltr'>seras</span> 
     </span>
     <span class='ocr_line' id='line_1_22' title="bbox 221 2780 1282 2862; baseline -0.004 -11"><span class='ocrx_word' id='word_1_170' title='bbox 221 2784 327 2851; x_wconf 76' lang='lat' dir='ltr'>aemuli</span> <span class='ocrx_word' id='word_1_171' title='bbox 338 2783 459 2852; x_wconf 90' lang='lat' dir='ltr'>Horatii</span> <span class='ocrx_word' id='word_1_172' title='bbox 473 2783 557 2850; x_wconf 88' lang='lat' dir='ltr'>illius</span> <span class='ocrx_word' id='word_1_173' title='bbox 570 2781 709 2862; x_wconf 83' lang='lat' dir='ltr'>Coclitis,</span> <span class='ocrx_word' id='word_1_174' title='bbox 735 2783 905 2850; x_wconf 88' lang='lat' dir='ltr'>Uticenees</span> <span class='ocrx_word' id='word_1_175' title='bbox 934 2803 1007 2850; x_wconf 88' lang='lat' dir='ltr'>vero</span> <span class='ocrx_word' id='word_1_176' title='bbox 1032 2780 1167 2850; x_wconf 86' lang='lat' dir='ltr'>Catones</span> <span class='ocrx_word' id='word_1_177' title='bbox 1193 2782 1282 2849; x_wconf 93' lang='lat' dir='ltr'>nulli.</span> 
     </span>
     <span class='ocr_line' id='line_1_23' title="bbox 222 2888 1286 2977; baseline -0.002 -19"><span class='ocrx_word' id='word_1_178' title='bbox 222 2891 321 2958; x_wconf 90' lang='lat' dir='ltr'>Perre</span> <span class='ocrx_word' id='word_1_179' title='bbox 335 2891 367 2956; x_wconf 93' lang='lat' dir='ltr'>in</span> <span class='ocrx_word' id='word_1_180' title='bbox 383 2890 511 2958; x_wconf 89' lang='lat' dir='ltr'>homine</span> <span class='ocrx_word' id='word_1_181' title='bbox 525 2888 712 2977; x_wconf 88' lang='lat' dir='ltr'>cupiditates</span> <span class='ocrx_word' id='word_1_182' title='bbox 724 2898 754 2955; x_wconf 94' lang='lat' dir='ltr'>et</span> <span class='ocrx_word' id='word_1_183' title='bbox 766 2888 917 2955; x_wconf 89' lang='lat' dir='ltr'>naturalis</span> <span class='ocrx_word' id='word_1_184' title='bbox 931 2889 1101 2957; x_wconf 89' lang='lat' dir='ltr'>instinctus</span> <span class='ocrx_word' id='word_1_185' title='bbox 1123 2909 1187 2957; x_wconf 93' lang='lat' dir='ltr'>non</span> <span class='ocrx_word' id='word_1_186' title='bbox 1208 2890 1286 2957; x_wconf 90' lang='lat' dir='ltr'>adeo</span> 
     </span>
     <span class='ocr_line' id='line_1_24' title="bbox 221 2993 1285 3084; baseline -0.005 -17"><span class='ocrx_word' id='word_1_187' title='bbox 221 2997 438 3078; x_wconf 88' lang='lat' dir='ltr'>consentiunt,</span> <span class='ocrx_word' id='word_1_188' title='bbox 453 3016 556 3084; x_wconf 87' lang='lat' dir='ltr'>neque</span> <span class='ocrx_word' id='word_1_189' title='bbox 569 3015 625 3064; x_wconf 88' lang='lat' dir='ltr'>sna</span> <span class='ocrx_word' id='word_1_190' title='bbox 640 2993 872 3082; x_wconf 84' lang='lat' dir='ltr'>conspiratione</span> <span class='ocrx_word' id='word_1_191' title='bbox 898 3016 972 3062; x_wconf 90' lang='lat' dir='ltr'>eum</span> <span class='ocrx_word' id='word_1_192' title='bbox 987 2995 1165 3083; x_wconf 90' lang='lat' dir='ltr'>impellunt,</span> <span class='ocrx_word' id='word_1_193' title='bbox 1183 3007 1219 3064; x_wconf 91' lang='lat' dir='ltr'>ut</span> <span class='ocrx_word' id='word_1_194' title='bbox 1235 2997 1250 3062; x_wconf 90' lang='lat' dir='ltr'><strong>s</strong></span> <span class='ocrx_word' id='word_1_195' title='bbox 1269 3037 1285 3046; x_wconf 98' lang='lat'>-</span> 
     </span>
     <span class='ocr_line' id='line_1_25' title="bbox 223 3101 1287 3190; baseline -0.003 -16"><span class='ocrx_word' id='word_1_196' title='bbox 223 3126 302 3184; x_wconf 89' lang='lat' dir='ltr'>ram,</span> <span class='ocrx_word' id='word_1_197' title='bbox 317 3104 439 3172; x_wconf 90' lang='lat' dir='ltr'>eodem.</span> <span class='ocrx_word' id='word_1_198' title='bbox 454 3104 521 3171; x_wconf 92' lang='lat' dir='ltr'>lmo</span> <span class='ocrx_word' id='word_1_199' title='bbox 537 3102 704 3170; x_wconf 87' lang='lat' dir='ltr'>instinctus</span> <span class='ocrx_word' id='word_1_200' title='bbox 719 3101 827 3190; x_wconf 86' lang='lat' dir='ltr'>generi</span> <span class='ocrx_word' id='word_1_201' title='bbox 844 3114 951 3168; x_wconf 90' lang='lat' dir='ltr'>nostro</span> <span class='ocrx_word' id='word_1_202' title='bbox 966 3101 1059 3168; x_wconf 84' lang='lat' dir='ltr'>datus</span> <span class='ocrx_word' id='word_1_203' title='bbox 1076 3124 1146 3170; x_wconf 87' lang='lat' dir='ltr'>esse</span> <span class='ocrx_word' id='word_1_204' title='bbox 1163 3103 1287 3171; x_wconf 89' lang='lat' dir='ltr'>videtur</span> 
     </span>
     <span class='ocr_line' id='line_1_26' title="bbox 224 3208 1285 3300; baseline -0.002 -21"><span class='ocrx_word' id='word_1_205' title='bbox 224 3224 370 3300; x_wconf 90' lang='lat' dir='ltr'>tanquam</span> <span class='ocrx_word' id='word_1_206' title='bbox 394 3209 549 3278; x_wconf 88' lang='lat' dir='ltr'>medicina</span> <span class='ocrx_word' id='word_1_207' title='bbox 573 3220 604 3276; x_wconf 91' lang='lat' dir='ltr'>et</span> <span class='ocrx_word' id='word_1_208' title='bbox 628 3209 767 3289; x_wconf 78' lang='lat' dir='ltr'>lienum,</span> <span class='ocrx_word' id='word_1_209' title='bbox 782 3229 823 3275; x_wconf 92' lang='lat' dir='ltr'>ne</span> <span class='ocrx_word' id='word_1_210' title='bbox 849 3209 930 3275; x_wconf 82' lang='lat' dir='ltr'>sorte</span> <span class='ocrx_word' id='word_1_211' title='bbox 944 3208 1064 3275; x_wconf 93' lang='lat' dir='ltr'>donum</span> <span class='ocrx_word' id='word_1_212' title='bbox 1078 3209 1231 3277; x_wconf 87' lang='lat' dir='ltr'>libertatis</span> <span class='ocrx_word' id='word_1_213' title='bbox 1254 3211 1285 3277; x_wconf 92' lang='lat' dir='ltr'>in</span> 
     </span>
     <span class='ocr_line' id='line_1_27' title="bbox 223 3314 1279 3404; baseline -0.005 -18"><span class='ocrx_word' id='word_1_214' title='bbox 223 3330 362 3386; x_wconf 89' lang='lat' dir='ltr'>nostram</span> <span class='ocrx_word' id='word_1_215' title='bbox 375 3315 547 3404; x_wconf 88' lang='lat' dir='ltr'>perniciem</span> <span class='ocrx_word' id='word_1_216' title='bbox 560 3315 816 3401; x_wconf 86' lang='lat' dir='ltr'>detorqueamus,</span> <span class='ocrx_word' id='word_1_217' title='bbox 834 3314 925 3380; x_wconf 87' lang='lat' dir='ltr'>malis</span> <span class='ocrx_word' id='word_1_218' title='bbox 940 3315 1126 3402; x_wconf 89' lang='lat' dir='ltr'>quibusdam</span> <span class='ocrx_word' id='word_1_219' title='bbox 1154 3316 1279 3404; x_wconf 88' lang='lat' dir='ltr'>cupidi-</span> 
     </span>
     <span class='ocr_line' id='line_1_28' title="bbox 223 3420 1281 3509; baseline -0.005 -16"><span class='ocrx_word' id='word_1_220' title='bbox 223 3424 339 3493; x_wconf 86' lang='lat' dir='ltr'>tatibus</span> <span class='ocrx_word' id='word_1_221' title='bbox 354 3423 421 3490; x_wconf 88' lang='lat' dir='ltr'>sine</span> <span class='ocrx_word' id='word_1_222' title='bbox 436 3421 666 3509; x_wconf 79' lang='lat' dir='ltr'>legeobsecuti3</span> <span class='ocrx_word' id='word_1_223' title='bbox 682 3434 776 3508; x_wconf 84' lang='lat' dir='ltr'>atque</span> <span class='ocrx_word' id='word_1_224' title='bbox 787 3420 819 3485; x_wconf 92' lang='lat' dir='ltr'>id</span> <span class='ocrx_word' id='word_1_225' title='bbox 834 3420 1017 3508; x_wconf 90' lang='lat' dir='ltr'>sapientera</span> <span class='ocrx_word' id='word_1_226' title='bbox 1032 3421 1099 3488; x_wconf 89' lang='lat' dir='ltr'>Deo</span> <span class='ocrx_word' id='word_1_227' title='bbox 1113 3423 1281 3509; x_wconf 82' lang='lat' dir='ltr'>provisum.</span> 
     </span>
     <span class='ocr_line' id='line_1_29' title="bbox 133 3527 1285 3616; baseline -0.002 -17"><span class='ocrx_word' id='word_1_228' title='bbox 133 3531 135 3533; x_wconf 71' lang='grc'><strong>’</strong></span> <span class='ocrx_word' id='word_1_229' title='bbox 222 3531 256 3599; x_wconf 85' lang='lat' dir='ltr'>Si</span> <span class='ocrx_word' id='word_1_230' title='bbox 267 3531 352 3598; x_wconf 90' lang='lat' dir='ltr'>enim</span> <span class='ocrx_word' id='word_1_231' title='bbox 365 3529 517 3596; x_wconf 86' lang='lat' dir='ltr'>defuisset</span> <span class='ocrx_word' id='word_1_232' title='bbox 530 3529 601 3594; x_wconf 87' lang='lat' dir='ltr'>vitae</span> <span class='ocrx_word' id='word_1_233' title='bbox 615 3527 765 3594; x_wconf 90' lang='lat' dir='ltr'>naturalis</span> <span class='ocrx_word' id='word_1_234' title='bbox 782 3547 882 3608; x_wconf 90' lang='lat' dir='ltr'>amor,</span> <span class='ocrx_word' id='word_1_235' title='bbox 898 3537 975 3614; x_wconf 92' lang='lat' dir='ltr'>quot</span> <span class='ocrx_word' id='word_1_236' title='bbox 986 3547 1062 3593; x_wconf 88' lang='lat' dir='ltr'>vana</span> <span class='ocrx_word' id='word_1_237' title='bbox 1078 3529 1188 3613; x_wconf 80' lang='lat' dir='ltr'>gloria,</span> <span class='ocrx_word' id='word_1_238' title='bbox 1208 3540 1285 3616; x_wconf 69' lang='lat' dir='ltr'>&lt;pact</span> 
     </span>
     <span class='ocr_line' id='line_1_30' title="bbox 221 3634 1283 3726; baseline -0.003 -21"><span class='ocrx_word' id='word_1_239' title='bbox 221 3637 397 3726; x_wconf 90' lang='lat' dir='ltr'>desperatio</span> <span class='ocrx_word' id='word_1_240' title='bbox 423 3645 456 3704; x_wconf 88' lang='lat' dir='ltr'>et</span> <span class='ocrx_word' id='word_1_241' title='bbox 477 3655 585 3702; x_wconf 89' lang='lat' dir='ltr'>rerum</span> <span class='ocrx_word' id='word_1_242' title='bbox 603 3635 811 3701; x_wconf 90' lang='lat' dir='ltr'>humanarum</span> <span class='ocrx_word' id='word_1_243' title='bbox 828 3634 987 3701; x_wconf 79' lang='lat' dir='ltr'>fastidium</span> <span class='ocrx_word' id='word_1_244' title='bbox 1009 3634 1041 3699; x_wconf 94' lang='lat' dir='ltr'>in</span> <span class='ocrx_word' id='word_1_245' title='bbox 1066 3644 1201 3702; x_wconf 90' lang='lat' dir='ltr'>mortem</span> <span class='ocrx_word' id='word_1_246' title='bbox 1217 3636 1283 3702; x_wconf 93' lang='lat' dir='ltr'>im-</span> 
     </span>
     <span class='ocr_line' id='line_1_31' title="bbox 157 3731 1282 3831; baseline -0.003 -19"><span class='ocrx_word' id='word_1_247' title='bbox 157 3741 161 3748; x_wconf 79' lang='grc'><strong>’</strong></span> <span class='ocrx_word' id='word_1_248' title='bbox 224 3741 401 3831; x_wconf 78' lang='lat' dir='ltr'>mergeret!</span> <span class='ocrx_word' id='word_1_249' title='bbox 420 3731 481 3810; x_wconf 84' lang='lat' dir='ltr'>Fac</span> <span class='ocrx_word' id='word_1_250' title='bbox 497 3753 602 3808; x_wconf 90' lang='lat' dir='ltr'>autem</span> <span class='ocrx_word' id='word_1_251' title='bbox 617 3740 698 3807; x_wconf 90' lang='lat' dir='ltr'>absit</span> <span class='ocrx_word' id='word_1_252' title='bbox 711 3740 776 3826; x_wconf 88' lang='lat' dir='ltr'>sive</span> <span class='ocrx_word' id='word_1_253' title='bbox 796 3740 933 3807; x_wconf 90' lang='lat' dir='ltr'>titillatio</span> <span class='ocrx_word' id='word_1_254' title='bbox 957 3751 988 3807; x_wconf 93' lang='lat' dir='ltr'>et</span> <span class='ocrx_word' id='word_1_255' title='bbox 1010 3741 1132 3807; x_wconf 88' lang='lat' dir='ltr'>scabies</span> <span class='ocrx_word' id='word_1_256' title='bbox 1157 3741 1208 3807; x_wconf 92' lang='lat' dir='ltr'>illa</span> <span class='ocrx_word' id='word_1_257' title='bbox 1224 3761 1282 3809; x_wconf 71' lang='grc' dir='ltr'>νο-</span> 
     </span>
     <span class='ocr_line' id='line_1_32' title="bbox 223 3847 1285 3940; baseline -0.002 -22"><span class='ocrx_word' id='word_1_258' title='bbox 223 3851 363 3940; x_wconf 91' lang='lat' dir='ltr'>luptatis,</span> <span class='ocrx_word' id='word_1_259' title='bbox 376 3849 441 3916; x_wconf 87' lang='lat' dir='ltr'>sire</span> <span class='ocrx_word' id='word_1_260' title='bbox 454 3848 571 3916; x_wconf 91' lang='lat' dir='ltr'>sobolis</span> <span class='ocrx_word' id='word_1_261' title='bbox 583 3849 689 3914; x_wconf 90' lang='lat' dir='ltr'>innata</span> <span class='ocrx_word' id='word_1_262' title='bbox 704 3847 829 3934; x_wconf 89' lang='lat' dir='ltr'>cupido:</span> <span class='ocrx_word' id='word_1_263' title='bbox 846 3867 940 3934; x_wconf 89' lang='lat' dir='ltr'>quam</span> <span class='ocrx_word' id='word_1_264' title='bbox 955 3847 1042 3914; x_wconf 85' lang='lat' dir='ltr'>brevi</span> <span class='ocrx_word' id='word_1_265' title='bbox 1056 3869 1134 3934; x_wconf 80' lang='lat' dir='ltr'>gens</span> <span class='ocrx_word' id='word_1_266' title='bbox 1148 3849 1285 3916; x_wconf 89' lang='lat' dir='ltr'>bumana</span> 
     </span>
     <span class='ocr_line' id='line_1_33' title="bbox 223 3953 1286 4046; baseline 0.001 -23"><span class='ocrx_word' id='word_1_267' title='bbox 223 3957 378 4046; x_wconf 88' lang='lat' dir='ltr'>paucitate</span> <span class='ocrx_word' id='word_1_268' title='bbox 397 3976 453 4022; x_wconf 92' lang='lat' dir='ltr'>sua</span> <span class='ocrx_word' id='word_1_269' title='bbox 463 3955 585 4022; x_wconf 90' lang='lat' dir='ltr'>laboret</span> <span class='ocrx_word' id='word_1_270' title='bbox 596 3955 756 4021; x_wconf 86' lang='lat' dir='ltr'>autetiam</span> <span class='ocrx_word' id='word_1_271' title='bbox 781 3953 1021 4041; x_wconf 82' lang='lat' dir='ltr'>exstinguatur!</span> <span class='ocrx_word' id='word_1_272' title='bbox 1041 3954 1087 4020; x_wconf 89' lang='lat' dir='ltr'>lta</span> <span class='ocrx_word' id='word_1_273' title='bbox 1099 3954 1286 4040; x_wconf 90' lang='lat' dir='ltr'>cupiditates</span> 
     </span>
     <span class='ocr_line' id='line_1_34' title="bbox 224 4059 1285 4149; baseline -0.002 -18"><span class='ocrx_word' id='word_1_274' title='bbox 224 4065 255 4131; x_wconf 87' lang='lat' dir='ltr'>in</span> <span class='ocrx_word' id='word_1_275' title='bbox 282 4063 346 4131; x_wconf 83' lang='lat' dir='ltr'>tera</span> <span class='ocrx_word' id='word_1_276' title='bbox 360 4062 559 4149; x_wconf 86' lang='lat' dir='ltr'>adjurantur,</span> <span class='ocrx_word' id='word_1_277' title='bbox 577 4061 656 4148; x_wconf 88' lang='lat' dir='ltr'>apud</span> <span class='ocrx_word' id='word_1_278' title='bbox 670 4059 833 4127; x_wconf 90' lang='lat' dir='ltr'>bominem</span> <span class='ocrx_word' id='word_1_279' title='bbox 856 4059 1042 4128; x_wconf 87' lang='lat' dir='ltr'>cohibentur</span> <span class='ocrx_word' id='word_1_280' title='bbox 1058 4079 1285 4148; x_wconf 89' lang='lat' dir='ltr'>nonnunquam</span> 
     </span>
     <span class='ocr_line' id='line_1_35' title="bbox 225 4166 1286 4254; baseline -0.001 -18"><span class='ocrx_word' id='word_1_281' title='bbox 225 4168 387 4236; x_wconf 90' lang='lat' dir='ltr'>instinctu.</span> <span class='ocrx_word' id='word_1_282' title='bbox 406 4167 460 4234; x_wconf 90' lang='lat' dir='ltr'>llla</span> <span class='ocrx_word' id='word_1_283' title='bbox 476 4168 562 4235; x_wconf 88' lang='lat' dir='ltr'>enim</span> <span class='ocrx_word' id='word_1_284' title='bbox 574 4166 815 4234; x_wconf 83' lang='lat' dir='ltr'>naturmdocills</span> <span class='ocrx_word' id='word_1_285' title='bbox 830 4166 1026 4254; x_wconf 87' lang='lat' dir='ltr'>obtemperat</span> <span class='ocrx_word' id='word_1_286' title='bbox 1041 4167 1236 4254; x_wconf 88' lang='lat' dir='ltr'>plerumque.</span> <span class='ocrx_word' id='word_1_287' title='bbox 1257 4170 1286 4237; x_wconf 95' lang='lat' dir='ltr'>ls</span> 
     </span>
     <span class='ocr_line' id='line_1_36' title="bbox 226 4272 912 4363; baseline -0.009 -19"><span class='ocrx_word' id='word_1_288' title='bbox 226 4286 333 4344; x_wconf 91' lang='lat' dir='ltr'>autem</span> <span class='ocrx_word' id='word_1_289' title='bbox 343 4295 473 4342; x_wconf 76' lang='lat' dir='ltr'>neeesse</span> <span class='ocrx_word' id='word_1_290' title='bbox 486 4284 553 4342; x_wconf 89' lang='lat' dir='ltr'>erat</span> <span class='ocrx_word' id='word_1_291' title='bbox 563 4294 580 4340; x_wconf 92' lang='lat' dir='ltr'>a</span> <span class='ocrx_word' id='word_1_292' title='bbox 591 4295 624 4342; x_wconf 89' lang='lat' dir='ltr'>se</span> <span class='ocrx_word' id='word_1_293' title='bbox 639 4274 707 4363; x_wconf 89' lang='lat' dir='ltr'>ipso</span> <span class='ocrx_word' id='word_1_294' title='bbox 719 4283 807 4340; x_wconf 90' lang='lat' dir='ltr'>tutus</span> <span class='ocrx_word' id='word_1_295' title='bbox 822 4272 912 4341; x_wconf 84' lang='lat' dir='ltr'>foret.</span> 
     </span>
    </p>
   </div>
   <div class='ocr_carea' id='block_1_4' title="bbox 0 0 1605 5475">
    <p class='ocr_par' dir='ltr' id='par_1_4' title="bbox 0 0 1605 5475">
     <span class='ocr_line' id='line_1_37' title="bbox 0 0 1605 5475; baseline 0 0"><span class='ocrx_word' id='word_1_296' title='bbox 0 0 1605 5475; x_wconf 95' lang='lat' dir='ltr'> </span> 
     </span>
    </p>
   </div>
  </div>
 </body>
</html>
