3192 5475
740 412 916 480 ..pp-

334 553 368 623 (9)
378 553 436 611 alio
451 555 509 611 loco
523 552 679 611 Aristotcles
693 552 904 625 intelligentiam
916 558 1060 623 nuncupat
1070 550 1288 622 definiendioim,
1302 566 1355 623 qut

296 642 375 699 bruta
389 656 482 700 carere
496 642 563 701 satis
572 643 668 715 liquet.

334 729 354 802 (t
362 729 387 801 a)
407 730 611 802 PardisiustP.
635 729 767 801 Pardies)
789 736 817 787 et
838 729 956 787 lluetius
971 728 1124 801 plurimum
1143 728 1306 799 sategerunt
1328 737 1358 785 ut

296 818 450 877 castesium
461 820 497 877 ah
511 818 586 877 omni
598 818 719 877 novandi
732 818 853 877 crimine
865 825 1023 891 purgarent,
1049 817 1099 875 scd
1113 830 1212 889 parum
1234 814 1357 888 feliciter,

296 905 421 965 doctrina
434 907 508 965 enim
528 922 591 980 qnae
605 907 720 966 bestiam
743 908 811 967 lacit
825 913 994 978 antenoreo,
1017 919 1052 963 ne
1071 906 1236 964 adumbrata
1248 904 1358 977 quidem

298 993 351 1052 iuit
364 996 399 1053 ab
414 996 559 1054 Aristotele
572 1004 619 1055 aut
630 995 728 1067 Tullio,
745 1010 811 1054 oum
825 1010 888 1053 vere
901 1009 1061 1068 expressam
1076 994 1162 1053 luisse
1175 995 1210 1053 ab
1226 993 1261 1051 iis
1279 993 1359 1052 ambo

297 1082 508 1142 contenderent.

335 1172 356 1244 (t
366 1173 388 1244 t)
408 1173 549 1232 Plutarch.
563 1175 597 1231 tle
611 1173 704 1245 plaort.
722 1173 793 1231 Phil.
810 1189 836 1230 v.
852 1177 886 1230 20
900 1204 937 1215 -
948 1173 1043 1246 adlicit
1054 1173 1205 1245 Diogenes:
1220 1189 1234 1225 a
1299 1172 1361 1228 bru·

296 1268 323 1318 tr
336 1261 419 1319 ferme
431 1260 527 1319 allecta
537 1276 595 1320 esse
616 1277 649 1320 eo
665 1263 817 1335 modoque
840 1270 906 1319 sunt
922 1263 1090 1320 insanientes
1112 1261 1161 1334 qui
1178 1261 1215 1319 de
1229 1266 1360 1333 potestate

298 1350 398 1408 ruentis
409 1350 547 1408 exierunt.
568 1372 628 1401 n-
638 1351 785 1409 Novissimi
800 1351 895 1410 saeeuli
905 1351 1085 1425 philosophus
1100 1350 1202 1423 (haine
1221 1348 1256 1407 de
1271 1346 1360 1418 Biranl

297 1437 415 1495 eontulit
435 1439 494 1511 ipse
508 1439 610 1497 bestias
637 1439 806 1511 amentibus,
828 1439 869 1497 sie
885 1446 1107 1513 argumentatus.
1133 1438 1277 1510 l‘raecipua
1301 1452 1363 1511 pars

299 1525 386 1583 animi
399 1527 514 1584 humani
528 1542 585 1584 non
598 1527 736 1600 imprimis
751 1527 780 1585 in
798 1528 965 1601 cogitatione
976 1527 1108 1586 collocata
1116 1536 1166 1599 aet,
1183 1534 1213 1585 ut
1226 1525 1364 1585 existima·

299 1614 494 1685 ritCartesius,
512 1617 560 1673 sed
574 1616 667 1689 potius
682 1617 709 1673 in
724 1625 788 1674 acin
810 1616 960 1674 voluntatis
982 1623 1011 1673 et
1030 1616 1200 1675 conscientia
1214 1615 1257 1673 sui
1272 1623 1363 1673 actum

299 1720 363 1761 euru
373 1703 528 1762 necessario
542 1706 736 1779 subsequente.
745 1705 877 1777 stupidus
896 1714 988 1763 autem
1003 1712 1050 1763 aut
1062 1720 1158 1763 amens
1171 1705 1309 1777 praecipua
1323 1702 1366 1761 illa

300 1801 377 1864 parte
390 1793 475 1851 animi
487 1802 593 1866 captus,
617 1809 742 1865 perseum
751 1810 808 1851 suae
822 1792 938 1851 minime
952 1794 1081 1852 conscius
1102 1803 1151 1853 est.
1167 1793 1247 1852 Unde
1261 1794 1292 1850 iit
1304 1807 1365 1850 eum

300 1898 342 1940 ros
355 1897 409 1939 non
424 1882 552 1941 distincte
563 1891 590 1940 et
602 1882 745 1955 perspicue
754 1882 864 1955 sentire,
879 1884 928 1941 sed
940 1882 1002 1955 ejus
1013 1883 1068 1941 ritu
1077 1898 1162 1957 quem
1173 1898 1290 1941 somnus
1304 1896 1367 1953 pro-

298 1971 634 2042 pcmodnmoccopataut
642 1970 749 2029 somnia
762 1971 878 2043 agitarit.
890 1974 968 2029 Tune
977 1971 1063 2029 animi
1071 1987 1169 2029 sensus
1179 1971 1302 2030 afficitur
1311 1985 1366 2027 mo

300 2066 329 2117 tu
345 2060 471 2129 obscuro,
482 2074 537 2117 non
547 2060 702 2133 attingente
712 2060 903 2118 rationabilem
915 2060 1049 2131 animum,
1059 2061 1107 2133 qui
1118 2061 1228 2117 animus
1240 2059 1363 2117 suioom·

301 2147 730 2220 posetconsciusestnaturasua.
743 2148 856 2207 Huncin
865 2149 980 2206 randum
996 2148 1213 2220 igitursentiunt
1227 2148 1363 2212 vecordes,

300 2236 413 2294 alienati
427 2252 443 2293 a
455 2252 557 2308 mente,
572 2237 669 2312 etipsa
683 2239 771 2308 bruta,
783 2238 1103 2311 menteprivata,judiee
1116 2237 1225 2294 biraco.
1238 2240 1307 2294 Cum
1320 2250 1366 2293 an·

304 2334 358 2383 tem
371 2340 573 2383 sensuseorum
589 2326 726 2399 impulsus
736 2326 826 2396 luerit,
838 2326 985 2384 deficiente
992 2325 1068 2383 clara
1086 2325 1175 2383 animi
1192 2324 1366 2382 consolantia

301 2428 393 2485 necue
413 2414 547 2487 lymphati
572 2430 661 2487 neque
673 2414 767 2473 bestiae
786 2412 936 2487 preteritos
951 2414 1066 2472 allectus
1077 2414 1272 2483 meminerunt,
1287 2414 1366 2471 sicuti

301 2503 461 2574 nosmetipsi
485 2505 658 2562 somniorum
684 2504 791 2575 spectes
813 2503 945 2560 memoria
967 2510 1094 2575 repetere
1116 2503 1284 2575 plerumque
1312 2517 1364 2558 non

302 2606 466 2663 possumus.
481 2595 645 2665 Quanquam
664 2592 794 2665 Diogenis
807 2591 892 2648 instar
914 2593 1021 2649 llanius
1035 2591 1163 2649 Biranius
1186 2592 1328 2649 deluentes
1342 2598 1369 2647 et

301 2681 429 2740 animalia
445 2681 588 2754 assuebat,
602 2690 693 2740 tamen
717 2696 732 2735 a
754 2678 840 2737 veteri
859 2680 1023 2753 philosopho
1043 2680 1171 2737 dissentit
1190 2680 1219 2735 in
1244 2694 1277 2735 co
1295 2679 1368 2753 quod

302 2783 418 2828 sensum
433 2771 518 2828 brutis
535 2771 675 2843 relinquit,
693 2771 742 2827 sed
766 2777 923 2828 truncatum
942 2777 969 2826 et
989 2771 1068 2841 quasi
1095 2768 1285 2840 dimidiatum,
1309 2768 1367 2824 sine

300 2858 468 2916 conscientia
480 2858 565 2916 animi
578 2867 672 2930 postea
687 2857 868 2915 recordaturi:

533 2947 605 3003 Vivit
619 2955 646 3004 et
658 2955 697 3003 est
708 2947 769 3003 rrtrae
783 2946 895 3003 nescius
906 2946 964 3018 ipse
977 2961 1047 3002 suae.

338 3035 390 3106 (η)
411 3034 555 3093 sonrnians
570 3049 662 3107 equus
673 3033 806 3092 curriculi
821 3040 911 3092 tamen
924 3033 1005 3090 invisi
1016 3035 1149 3091 meminit.
1168 3039 1233 3092 hora
1251 3036 1369 3106 prauden-

302 3123 338 3180 tia
355 3123 426 3181 illius
440 3123 578 3195 elephanti
593 3123 642 3196 qni
656 3129 822 3194 conspectus
846 3131 895 3192 est,
918 3122 1047 3180 illucente
1061 3123 1138 3193 luna,
1159 3130 1326 3195 praeoptant
1355 3131 1369 3170 a

303 3211 433 3284 magistro
448 3212 621 3270 saltationem
646 3213 713 3269 dum
740 3210 942 3282 meditabatur,
969 3219 997 3268 et
1030 3211 1219 3269 recordatione
1242 3221 1367 3283 repetens

302 3292 475 3370 herebanno
489 3301 620 3373 postridie
634 3315 729 3372 pmnas
743 3299 919 3372 negligentia
932 3308 980 3358 ant
993 3300 1111 3356 inscitiae
1124 3301 1210 3358 daret.
1287 3318 1294 3328 ·

338 3389 390 3462 (te)
411 3390 497 3461 Magis
508 3390 590 3448 etiam
600 3389 769 3447 insanientes
783 3388 926 3446 Manichaei
939 3403 1054 3444 sensum
1068 3397 1095 3446 et
1109 3390 1223 3446 rationis
1238 3404 1367 3462 capacem

303 3478 425 3534 animam
437 3477 773 3550 stirpibusattribuebant.
790 3479 845 3534 llos
860 3475 951 3547 lepide
976 3476 1057 3534 lliuus
1073 3477 1240 3549 augustinus
1261 3478 1288 3535 in
1308 3492 1370 3550 ope·

306 3565 381 3624 ribus
394 3566 450 3623 suis
470 3565 638 3623 ludificatur.
807 3570 812 3576 ’

343 3654 396 3726 tlt)
416 3655 546 3711 llemoria
557 3653 695 3712 interdum
711 3653 835 3712 dolorem
855 3659 978 3724 renovat,
993 3655 1042 3710 sed
1059 3667 1123 3711 eum
1134 3655 1183 3725 nui
1196 3664 1307 3726 pectore
1322 3671 1371 3712 non

306 3743 585 3815 corporepercipitur.
599 3751 768 3814 tannecum
782 3741 946 3814 gravissime
960 3741 1079 3799 doluerit
1088 3744 1197 3813 AEneas,
1209 3745 1372 3801 obversante

307 3831 385 3889 iliius
403 3831 492 3890 canulis
503 3833 598 3902 patriae
618 3833 710 3898 ruina,
727 3831 824 3889 merito
837 3830 906 3888 dicit
914 3829 1023 3887 cladem
1032 3844 1094 3888 eam
1105 3831 1239 3888 memoria
1255 3841 1375 3905 repetere

304 3922 417 4001 jussus:

452 4009 611 4080 lptandum,
635 4007 1123 4082 reginajubesrenovamootorem.

329 4097 476 4171 ¹,llcrnoria
498 4106 589 4163 tamen
613 4100 649 4170 ab
677 4095 775 4168 electu
799 4098 881 4182 plene
904 4098 1085 4173 elongando,
1100 4113 1183 4178 qoem
1199 4115 1242 4169 res
1257 4100 1377 4165 irruam.
