3192 5475
794 560 972 628 ..74-

353 704 443 793 quasi
456 722 570 772 sensus
584 704 642 771 iste
656 702 694 770 ab
706 702 793 770 omni
805 702 967 791 sejunctus
978 702 1140 771 intellectu
1161 702 1258 791 possit
1280 703 1413 771 lemnum

352 812 484 879 affectus
497 830 608 879 omnes
636 809 769 889 efficere,
795 820 828 876 θῖ
850 828 1059 897 quaecumque
1080 810 1234 897 sagaciter
1247 820 1277 877 et
1291 820 1415 877 versute

351 917 536 985 moliuntur.
551 914 666 984 Anima
678 935 752 983 sane
765 916 928 984 brutomrn
941 915 1048 997 clavis,
1062 925 1097 982 ut
1111 916 1154 982 ita
1165 916 1278 991 dicam,
1292 916 1413 1003 corpori

351 1023 449 1092 baerct
464 1020 567 1103 ailina,
585 1042 689 1109 neque
715 1040 853 1108 unquam
873 1042 907 1089 se
933 1022 971 1088 ad
993 1021 1154 1109 superiora
1172 1023 1275 1109 erigit.
1291 1022 1353 1089 Sed
1381 1022 1413 1089 in

350 1130 419 1221 ipso
431 1128 579 1217 impedita
593 1147 736 1215 corpore,
747 1127 889 1214 quamvis
901 1126 1001 1195 ollusa
1016 1127 1167 1209 tenebris,
1178 1128 1333 1215 igniculos
1341 1126 1414 1196 reti·

350 1247 404 1304 net
418 1245 451 1305 et
462 1234 675 1323 imperfectam
688 1234 835 1300 humanm
851 1233 965 1301 animae
979 1233 1229 1302 similitudinem.
1253 1233 1339 1316 Quid
1353 1255 1414 1301 au-

351 1352 415 1411 tem
430 1341 507 1409 illud
521 1340 650 1421 mirum,
667 1339 836 1429 siquidem,
853 1350 889 1405 nt
908 1339 1052 1408 Plotinns
1071 1340 1138 1429 ipsc
1157 1340 1278 1424 statuit,
1305 1350 1411 1408 muto-

348 1468 419 1516 rum
447 1448 550 1515 anima
576 1446 762 1515 universalis
776 1446 890 1513 animae
904 1446 1063 1514 elllurium
1089 1446 1248 1537 quoddam
1272 1448 1412 1515 habenda

348 1554 424 1623 cst?
450 1554 596 1623 Plotinus
609 1572 683 1621 vero
697 1552 881 1641 particulam
906 1552 988 1620 banc
1011 1552 1255 1621 minutissimam
1280 1554 1339 1621 Dei
1359 1574 1412 1621 ne-

347 1659 448 1748 gligit,
466 1659 505 1726 ad
518 1680 554 1727 ea
574 1659 733 1747 suspicere
745 1658 857 1725 solitus
871 1678 942 1746 qnae
966 1658 1257 1747 praestantissimum
1280 1682 1412 1733 summae

347 1765 564 1853 Intelligentiae
598 1765 749 1835 exhibent
774 1763 957 1852 imaginem,
982 1764 1087 1833 idest
1112 1766 1265 1835 rationem
1292 1770 1412 1852 homini

346 1871 504 1961 propriam
518 1881 551 1939 et
562 1871 647 1938 illam
665 1870 834 1939 elationem
848 1872 964 1939 mentis
987 1892 1049 1960 qua
1063 1872 1206 1940 mortalis
1231 1886 1355 1956 natura,
1371 1898 1409 1945 ex

348 1998 384 2047 se
398 1996 537 2065 egressa.
554 1976 593 2043 ad
615 1978 718 2045 Deum
743 1997 844 2065 usque
870 1978 981 2057 tendit,
1000 1978 1108 2066 illique
1135 2000 1170 2047 se
1188 1983 1414 2069 propemodum

344 2083 504 2152 immiscet
518 2094 549 2151 ct
563 2083 715 2151 assimilat
727 2081 782 2174 (a).
807 2082 887 2164 Quae
900 2083 976 2150 dum
1001 2083 1127 2153 sublimi
1140 2084 1258 2174 ingenii
1277 2089 1411 2157 medita-

344 2189 431 2257 tione
445 2189 675 2277 eontemplatur
692 2188 846 2269 Plotium,
862 2199 894 2256 et
908 2210 943 2257 se
954 2190 1059 2278 ipsum
1074 2192 1278 2281 corporisque
1294 2196 1410 2265 lastidit

342 2295 570 2374 infirmitatem,
587 2295 677 2363 bruta
692 2314 819 2383 quoque
834 2286 987 2382 neglexit,
1005 2316 1045 2363 ne
1066 2318 1082 2361 a
1099 2297 1180 2366 coelo
1193 2317 1227 2366 sc
1248 2301 1288 2367 ad
1302 2301 1406 2369 infima

344 2412 434 2471 terrae
445 2401 637 2471 detruderet.
654 2402 744 2469 Absit
759 2402 900 2490 prolecto
915 2410 950 2467 ut
965 2401 996 2469 id
1010 2402 1175 2471 molestius
1187 2426 1279 2495 aequo
1294 2407 1401 2476 lemm.

340 2508 467 2591 Quanto
478 2509 564 2576 enim
575 2507 736 2576 meliusde
750 2508 945 2595 philosophia
957 2507 1090 2576 meritus
1104 2520 1164 2590 est,
1182 2533 1276 2599 quam
1294 2514 1320 2581 si
1336 2514 1407 2582 Pn-

341 2616 463 2684 tonicas
474 2615 543 2682 illas
556 2613 671 2682 mentis
685 2615 749 2682 alas
763 2614 1018 2702 comprimendo,
1037 2616 1178 2684 studium
1196 2618 1227 2686 in
1245 2619 1406 2691 vilioribus

342 2720 524 2791 ottericum
535 2720 747 2788 animantibus
759 2720 957 2810 potissimum
970 2724 1237 2814 consumpsisset!
1266 2727 1330 2795 Sed
1355 2739 1405 2796 ta-

349 2846 436 2910 men,
452 2848 524 2896 eum
539 2827 591 2895 hie
601 2828 641 2896 de
648 2827 750 2895 brutis
763 2828 956 2916 exquiratur,
970 2849 1099 2898 neeesse
1108 2831 1209 2899 visum
1222 2844 1282 2916 cst,
1296 2835 1321 2901 si
1334 2835 1408 2924 quid

344 2934 377 3002 in
391 2934 438 3002 cis
451 2933 595 3002 Plotinus
609 2934 792 3022 peccaverit,
807 2934 967 3024 expedire,
983 2937 1155 3022 presertim
1177 2959 1250 3007 cum
1272 2942 1405 3010 volueri-

341 3059 414 3108 mus
426 3039 600 3108 desiderata
623 3061 686 3108 non
702 3050 766 3108 tam
777 3041 945 3129 obiurgare
958 3043 1119 3125 atrociter,
1135 3065 1230 3133 quam
1254 3046 1286 3114 in
1301 3049 1402 3116 lucem

343 3145 446 3214 edere.
