3192 5475
656 568 832 633 ..15-

209 728 377 796 corporum
392 707 646 796 quasimprcssas
658 708 691 774 in
718 727 752 775 se
766 705 874 774 bestiae
888 706 1038 786 retinent,
1062 705 1104 772 ita
1129 714 1182 787 ut,
1199 715 1273 792 typo

206 815 260 882 illo
272 814 590 903 adjuvante,singula
612 824 839 901 recognoscant
853 812 893 879 ad
907 833 1000 879 suum
1021 812 1181 879 rictumet
1192 832 1272 879 eon-

207 920 417 987 sorvationem
433 921 631 1009 pertinentia.
646 921 689 1010 (5)
714 920 789 987 Haec
817 930 865 986 est
887 940 958 1006 quae
981 918 1095 1005 dicitur
1110 939 1127 983 a
1144 917 1274 986 Platone

209 1027 437 1113 contemplatio
452 1027 500 1094 rel
516 1028 633 1115 agnitio
648 1027 797 1094 similium
811 1026 998 1127 (ὁμοιότηπος
1013 1022 1139 1122 θεωρία).

259 1142 352 1231 Hunc
367 1144 470 1210 locum
485 1144 524 1215 an
536 1142 722 1232 Epicharmo
733 1142 775 1231 (o)
789 1152 874 1210 recte
885 1162 924 1207 an
938 1160 1102 1229 perperam
1113 1148 1276 1205 mutuatus

214 1247 256 1314 sit
265 1248 353 1315 Plato
364 1244 612 1337 disquirere'non
624 1258 849 1337 opportunum.
858 1247 924 1314 Etsi
937 1247 1027 1314 lacile
1037 1246 1078 1313 sit
1089 1246 1276 1314 convincere

211 1374 273 1420 noa
288 1354 382 1421 modo
394 1376 498 1422 rerum
510 1357 709 1443 speciesesse
723 1374 828 1431 vanas,
843 1355 960 1422 nedum
970 1374 1042 1420 vera
1061 1353 1123 1418 rita
1135 1352 1272 1440 praeditae

210 1458 285 1541 sint,
299 1461 456 1527 sedetiam
471 1483 534 1529 non
550 1462 655 1529 omnia
679 1464 745 1550 ipsa
761 1483 832 1550 quae
852 1461 910 1527 tibi
930 1459 1118 1546 cogitatione
1132 1458 1277 1546 depingis

210 1569 313 1655 reipsa
326 1567 461 1634 existere
482 1578 536 1634 aut
549 1570 616 1636 [ieri
629 1579 664 1635 ut
678 1569 880 1649 Chimaeram,
897 1566 1199 1655 Hippocentaurum.
1213 1564 1277 1633 Sed

151 1666 156 1675 ’
210 1673 423 1741 aliusviderit.
439 1674 547 1743 Unum
559 1676 707 1763 equidem
719 1699 756 1744 cx
771 1696 808 1742 ea
818 1674 958 1743 Platonis
966 1672 1115 1761 opinione
1127 1670 1279 1759 colligen-

213 1782 287 1847 dum
302 1780 385 1861 volo,
399 1787 485 1847 marta
500 1781 617 1849 seilicet
631 1802 695 1849 non
716 1803 785 1848 csse
808 1781 895 1850 omni
920 1779 1086 1867 prudentia
1112 1778 1276 1868 destituta.

212 1888 282 1975 lpse
295 1887 380 1953 enim
394 1908 480 1967 vere,
498 1888 552 1955 sed
565 1888 672 1955 minus
687 1888 749 1955 sibi·
757 1888 995 1967 convenienter,
1007 1886 1173 1974 profitetur
1185 1906 1278 1951 men-

212 2012 277 2069 tem
289 2001 425 2089 aliquam
438 2004 611 2071 naturalem
633 2003 719 2093 (νοῦν
746 2001 889 2093 φυσικόν)
904 2003 943 2069 iis
950 2022 1021 2069 esse
1033 2000 1178 2079 inditam,
1191 2007 1227 2065 ut
1238 1998 1281 2065 si-

25 2170 28 2179 ,
101 2151 105 2157 -
193 2102 196 2111 ’
214 2108 298 2174 milia
313 2109 476 2176 conferant
490 2131 562 2177 cum
578 2110 745 2189 similibus,
760 2120 803 2188 et,
814 2108 1045 2197 comparatione
1057 2107 1150 2186 sacta,
1165 2125 1280 2192 agnos-

214 2225 297 2281 cant.
314 2214 353 2280 Et
367 2215 494 2300 quidem
510 2218 551 2281 ita
567 2227 634 2283 est:
655 2216 840 2284 excellentis
861 2215 946 2282 illius
958 2214 1073 2282 mentis
1090 2208 1209 2279 lumine
1224 2232 1293 2279 or-·

214 2320 284 2386 bata
308 2330 403 2401 sunt,
429 2342 490 2407 qua
515 2344 573 2389 nos
596 2324 683 2390 omni
711 2333 832 2390 naturae
862 2323 941 2388 infra
961 2322 1069 2388 lunam
1094 2318 1161 2385 sitae
1189 2326 1281 2384 aute-

215 2426 369 2505 oedimus,
407 2447 471 2493 non
504 2440 607 2495 autern
635 2431 726 2517 plane
759 2430 905 2517 caligant.
934 2428 1028 2495 Aliud
1054 2430 1133 2497 ratio
1163 2427 1280 2521 (νοῦς),

216 2538 299 2605 aliud
327 2539 506 2609 intellectus
522 2541 712 2634 (φρόνησις).
738 2545 795 2611 Illa
810 2545 893 2610 enim
914 2565 984 2632 quae
998 2553 1073 2611 sunt
1093 2566 1187 2634 supra
1203 2565 1280 2612 sen-

179 2666 182 2669 ·
217 2664 289 2710 sum
317 2645 469 2725 intuetur,
494 2670 590 2735 seque
619 2652 658 2717 ad
685 2651 823 2719 coelestia
851 2650 961 2737 erigit3
988 2650 1039 2717 hie
1061 2664 1182 2731 autem,
1210 2671 1283 2717 sen-

218 2771 311 2817 suum
324 2753 499 2822 ministerio
507 2777 595 2836 usus,
610 2758 662 2823 dat
674 2758 800 2824 animali
813 2757 1077 2839 utsibieonsulat,
1088 2768 1282 2845 etquaeper-

220 2857 319 2944 tinent
334 2860 373 2926 ad
388 2880 502 2947 corpus
516 2863 726 2951 amplectitur.
742 2863 876 2932 Ratione
892 2864 963 2932 ideo
976 2875 1063 2930 caret
1078 2864 1205 2945 animal,
1218 2882 1283 2930 non
1392 2871 1395 2875 ’

183 2992 186 2998 ·
218 2964 352 3051 quodam
378 2965 539 3036 intellectu
555 2993 561 3034 :
577 2981 693 3056 praesto
707 2983 756 3037 est
771 2971 839 3058 ipse
850 2970 940 3038 Plato
948 2992 1015 3038 rem
1026 2971 1287 3042 confirmaturus!

218 3069 255 3136 ln
272 3071 486 3140 describendis
507 3075 591 3141 enim
608 3076 708 3142 tribus
730 3077 843 3144 animae
871 3077 1024 3164 partibus,
1052 3087 1192 3144 mentem
1213 3076 1283 3145 dico

221 3175 298 3241 iram
311 3188 340 3242 ot
351 3179 566 3266 cupiditatem,
583 3183 638 3248 has
653 3183 731 3249 duas
741 3184 927 3251 novissimas
948 3184 1022 3251 serae
1036 3183 1195 3250 adscribit.
1207 3183 1285 3251 Ani-

223 3311 273 3356 ma
299 3302 404 3359 autem
435 3295 598 3362 irascibilis
619 3292 743 3387 (Θύμος)
767 3320 831 3365 non
856 3299 978 3366 videtur
1002 3298 1123 3366 Platoni
1154 3298 1284 3365 rationis

225 3398 354 3465 omnino
370 3419 493 3487 expers,
505 3403 760 3491 quandoquidem
773 3405 932 3492 appetitus
942 3406 982 3471 ad
996 3405 1074 3470 iram
1090 3404 1285 3492 pertinentes

224 3503 313 3589 quasi
327 3504 429 3572 loedus
441 3515 472 3572 et
487 3508 668 3574 societatem
683 3530 755 3575 eum
766 3531 803 3577 ea
813 3511 933 3598 possint
946 3510 1036 3578 inire.
1052 3510 1126 3579 ldeo
1141 3511 1286 3577 videmus

222 3629 343 3684 canem,
359 3609 385 3676 si
400 3622 490 3678 antea
506 3633 621 3700 proper
635 3614 753 3680 lurtum
769 3618 860 3704 panis
871 3617 966 3683 luerit
976 3617 1161 3705 castigatus
1174 3638 1191 3682 a
1205 3635 1285 3703 panc

224 3715 295 3782 licet
305 3715 449 3782 esuriens
461 3727 492 3784 ct
505 3719 592 3784 omrri
605 3731 727 3788 remoto
743 3732 822 3790 teste
836 3723 1006 3791 abstinere.
1036 3723 1088 3790 Sic
1112 3723 1284 3811 appetitum

223 3825 565 3910 temporatprudentia.

268 3928 442 3996 Moderatio
474 3930 526 3996 illa
561 3932 739 4020 cupiditatis
778 3935 917 4002 hominis
956 3947 1006 4003 est
1039 3947 1071 4004 et
1104 3937 1281 4004 brutorum.

226 4034 325 4102 Multa
349 4056 423 4102 vero
453 4037 506 4101 uni
534 4038 721 4126 contingunt
744 4041 879 4122 homini,
900 4042 997 4109 veluti
1022 4043 1221 4111 dinumerare
1233 4056 1287 4112 aut

262 4274 296 4346 (a)
312 4273 435 4346 Diogene
449 4279 556 4347 Locroe,
571 4275 586 4340 a
602 4278 713 4337 lert-icle
727 4281 833 4351 Pluton,
849 4281 970 4352 in-lolio,
987 4299 1014 4355 p.
1028 4287 1072 4341 ta.
