3192 5475
416 2375 558 2445 Philonis
580 2376 691 2457 instar,
707 2372 995 2443 Alexandrinorum
1018 2372 1321 2461 prinoepsPlotinns
1347 2382 1433 2441 ante·

369 2483 491 2549 riorum
504 2481 765 2572 philosophorum
775 2478 929 2548 doctrinis
937 2478 1051 2547 Musaei
1062 2479 1201 2548 scholam
1213 2479 1313 2548 ditare
1325 2471 1429 2559 voluit,

369 2588 426 2657 scd
437 2588 560 2676 parcius
573 2588 612 2655 iis
623 2598 655 2655 et
668 2585 856 2657 concinnius
867 2595 1018 2653 ususest.
1034 2584 1115 2655 Cum
1127 2586 1213 2655 enim
1223 2586 1241 2654 J
1244 2587 1351 2654 udaeus
1361 2605 1432 2655 auc·

371 2706 423 2762 tor
443 2694 624 2783 disciplinas
638 2692 714 2773 alias
733 2692 803 2763 aliis
827 2692 976 2762 confusas
1000 2691 1099 2760 veluti
1126 2691 1324 2773 inseruisset,
1352 2694 1426 2761 duas

368 2801 523 2889 praecr'pue
538 2801 683 2869 Plotinus
696 2798 917 2888 apprehendit,
930 2799 1062 2886 quarab
1083 2819 1148 2866 uno
1162 2799 1235 2868 olim
1251 2799 1339 2867 sonte
1350 2798 1429 2866 deri-

367 2918 455 2974 vatas
467 2906 499 2975 in
512 2927 612 2974 unum
627 2926 737 2974 rursus
750 2904 918 2992 redigeret,
934 2905 1100 2993 diremptae
1119 2905 1295 2974 concordia
1320 2925 1430 2974 recon-

366 3010 499 3079 ciliator.
515 3011 560 3080 lta
575 3011 739 3080 Platonem
751 3020 783 3078 et
794 3010 998 3078 dristotelem
1010 3012 1042 3078 in
1055 3031 1113 3078 sua
1125 3011 1223 3099 ipsius
1238 3011 1431 3081 conficienda

259 3107 265 3120 ’
363 3117 507 3186 doctrina
531 3117 683 3199 adhibuit,
700 3117 756 3186 sed
777 3117 822 3184 ita
837 3127 873 3183 ut
896 3116 929 3184 in
940 3115 1104 3185 Platonem
1127 3118 1227 3206 magis
1251 3118 1425 3186 inclinaret.

364 3224 461 3312 Atqui
476 3224 668 3293 Platonicum
684 3224 760 3292 illud
776 3223 912 3292 servavit
924 3243 1037 3291 omnes
1060 3224 1141 3291 vitas
1168 3224 1206 3292 ab
1221 3244 1283 3291 una
1308 3225 1427 3312 origine

363 3328 530 3418 proficisci,
546 3340 579 3397 et
596 3331 787 3398 mundanam
798 3329 883 3395 illam
897 3328 1034 3396 animam
1048 3348 1066 3395 a
1081 3328 1140 3396 deo
1166 3339 1198 3397 et
1220 3330 1312 3397 astris
1328 3349 1425 3418 usque

363 3436 404 3502 ad
418 3435 560 3503 infimam
573 3435 633 3502 sub
647 3436 722 3502 luna
735 3435 908 3522 jacentium
932 3455 1100 3522 corporum
1120 3445 1264 3502 naturam
1278 3435 1423 3524 expandi,

363 3541 426 3609 luci
439 3540 615 3608 adsimilem
628 3558 710 3630 quae,
726 3539 840 3610 diflusa
854 3559 1104 3628 quoquoversus,
1121 3561 1159 3608 eo
1183 3542 1292 3628 purior
1305 3554 1337 3609 et
1361 3542 1423 3610 cla-

365 3647 429 3715 rior
442 3656 503 3728 est,
520 3663 582 3734 quo
595 3646 723 3742 propius
743 3645 782 3714 ad
805 3647 926 3722 iontem
940 3645 1071 3715 accedit.
1088 3646 1150 3714 Sed
1172 3647 1276 3715 anima
1295 3648 1347 3715 illa
1360 3666 1422 3715 una

363 3763 396 3823 et
409 3753 531 3832 eadem,
545 3752 572 3820 si
587 3751 796 3820 substantiam
812 3752 953 3841 respicis,
973 3772 1069 3842 quam
1083 3751 1206 3820 diuersa
1220 3754 1252 3821 in
1277 3773 1423 3842 unoquo-

362 3880 425 3948 que
435 3857 570 3946 genere!
585 3857 792 3927 animantium
803 3858 888 3926 euim
899 3859 959 3925 alia
971 3859 1091 3926 ratione
1103 3858 1221 3948 vigent,
1233 3859 1292 3926 alia
1303 3870 1419 3928 carent.

362 3966 466 4050 Atque
480 3982 516 4033 ea
531 3984 601 4050 quae
612 3963 765 4031 rationem
775 3963 954 4032 desiderant
965 3963 1089 4032 vivendi
1098 3965 1162 4032 vim
1171 3977 1202 4032 et
1214 3985 1249 4033 se
1260 3964 1421 4033 nutriendi

362 4082 393 4142 et
403 4069 573 4159 generandi
588 4079 787 4156 receperunt,
803 4079 870 4137 tum
889 4070 985 4138 etiam
997 4067 1185 4138 exteriorem
1198 4070 1246 4138 rel
1266 4072 1424 4159 passivum

360 4197 488 4244 sensum
503 4174 583 4264 (sine
596 4175 821 4265 perceptione),
847 4176 1039 4263 imaginandi
1053 4177 1245 4257 facultatem,
1266 4189 1424 4266 quatenus

360 4279 555 4353 assensibus
568 4290 725 4351 commota
749 4301 857 4350 rerum
877 4281 1033 4372 imagines
1054 4294 1268 4374 repraesentat,
1286 4283 1425 4373 denique
