<?xml version="1.0" encoding="UTF-8"?>
<!DOCTYPE html PUBLIC "-//W3C//DTD XHTML 1.0 Transitional//EN"
    "http://www.w3.org/TR/xhtml1/DTD/xhtml1-transitional.dtd">
<html xmlns="http://www.w3.org/1999/xhtml" xml:lang="en" lang="en">
 <head>
  <title>
</title>
<meta http-equiv="Content-Type" content="text/html;charset=utf-8" />
  <meta name='ocr-system' content='tesseract 3.04.00' />
  <meta name='ocr-capabilities' content='ocr_page ocr_carea ocr_par ocr_line ocrx_word'/>
</head>
<body>
  <div class='ocr_page' id='page_1' title='image "./deanimabrutorum00brgoog_0029.png"; bbox 0 0 3192 5475; ppageno 0'>
   <div class='ocr_carea' id='block_1_1' title="bbox 602 532 851 639">
    <p class='ocr_par' dir='ltr' id='par_1_1' title="bbox 602 532 851 639">
     <span class='ocr_line' id='line_1_1' title="bbox 602 532 851 639; baseline 0.008 -1"><span class='ocrx_word' id='word_1_1' title='bbox 602 532 605 539; x_wconf 76' lang='grc'><strong>’</strong></span> <span class='ocrx_word' id='word_1_2' title='bbox 672 570 851 639; x_wconf 79' lang='lat' dir='ltr'>-aa-</span> 
     </span>
    </p>
   </div>
   <div class='ocr_carea' id='block_1_2' title="bbox 224 711 1293 2309">
    <p class='ocr_par' dir='ltr' id='par_1_2' title="bbox 224 711 1293 2309">
     <span class='ocr_line' id='line_1_2' title="bbox 227 711 1293 803; baseline 0.001 -22"><span class='ocrx_word' id='word_1_3' title='bbox 227 714 297 781; x_wconf 89' lang='lat' dir='ltr'>bat:</span> <span class='ocrx_word' id='word_1_4' title='bbox 316 737 332 775; x_wconf 92' lang='lat'>«</span> <span class='ocrx_word' id='word_1_5' title='bbox 348 713 507 782; x_wconf 89' lang='lat' dir='ltr'>Scusuum</span> <span class='ocrx_word' id='word_1_6' title='bbox 522 711 575 781; x_wconf 91' lang='lat' dir='ltr'>ille</span> <span class='ocrx_word' id='word_1_7' title='bbox 589 722 622 781; x_wconf 92' lang='lat' dir='ltr'>et</span> <span class='ocrx_word' id='word_1_8' title='bbox 632 712 728 781; x_wconf 89' lang='lat' dir='ltr'>ceteri</span> <span class='ocrx_word' id='word_1_9' title='bbox 744 712 924 782; x_wconf 88' lang='lat' dir='ltr'>intellectus</span> <span class='ocrx_word' id='word_1_10' title='bbox 937 713 1085 781; x_wconf 75' lang='lat' dir='ltr'>facultate</span> <span class='ocrx_word' id='word_1_11' title='bbox 1101 732 1293 803; x_wconf 78' lang='lat' dir='ltr'>magnopere</span> 
     </span>
     <span class='ocr_line' id='line_1_3' title="bbox 225 819 1292 908; baseline 0 -20"><span class='ocrx_word' id='word_1_12' title='bbox 225 829 354 908; x_wconf 79' lang='lat' dir='ltr'>praes‘tat</span> <span class='ocrx_word' id='word_1_13' title='bbox 368 845 399 901; x_wconf 76' lang='lat' dir='ltr'>o,</span> <span class='ocrx_word' id='word_1_14' title='bbox 416 832 447 888; x_wconf 91' lang='lat' dir='ltr'>et</span> <span class='ocrx_word' id='word_1_15' title='bbox 460 819 535 888; x_wconf 84' lang='lat' dir='ltr'>alibi</span> <span class='ocrx_word' id='word_1_16' title='bbox 547 840 704 887; x_wconf 92' lang='lat' dir='ltr'>summam</span> <span class='ocrx_word' id='word_1_17' title='bbox 728 819 895 887; x_wconf 85' lang='lat' dir='ltr'>sententiae</span> <span class='ocrx_word' id='word_1_18' title='bbox 909 840 975 887; x_wconf 83' lang='lat' dir='ltr'>suae</span> <span class='ocrx_word' id='word_1_19' title='bbox 989 820 1113 888; x_wconf 83' lang='lat' dir='ltr'>ridetur</span> <span class='ocrx_word' id='word_1_20' title='bbox 1124 820 1175 888; x_wconf 90' lang='lat' dir='ltr'>his</span> <span class='ocrx_word' id='word_1_21' title='bbox 1187 820 1292 888; x_wconf 83' lang='lat' dir='ltr'>verbis</span> 
     </span>
     <span class='ocr_line' id='line_1_4' title="bbox 226 925 1291 1006; baseline -0.002 -11"><span class='ocrx_word' id='word_1_22' title='bbox 226 926 429 995; x_wconf 81' lang='lat' dir='ltr'><strong>enuntiasse:</strong></span> <span class='ocrx_word' id='word_1_23' title='bbox 447 951 462 989; x_wconf 82' lang='lat' dir='ltr'>o</span> <span class='ocrx_word' id='word_1_24' title='bbox 478 925 592 994; x_wconf 79' lang='lat' dir='ltr'>Anima</span> <span class='ocrx_word' id='word_1_25' title='bbox 617 927 783 993; x_wconf 89' lang='lat' dir='ltr'>brutorum</span> <span class='ocrx_word' id='word_1_26' title='bbox 806 947 871 994; x_wconf 93' lang='lat' dir='ltr'>non</span> <span class='ocrx_word' id='word_1_27' title='bbox 885 935 997 993; x_wconf 91' lang='lat' dir='ltr'>natura</span> <span class='ocrx_word' id='word_1_28' title='bbox 1011 926 1072 1006; x_wconf 88' lang='lat' dir='ltr'>sui,</span> <span class='ocrx_word' id='word_1_29' title='bbox 1086 927 1142 994; x_wconf 88' lang='lat' dir='ltr'>sed</span> <span class='ocrx_word' id='word_1_30' title='bbox 1156 926 1291 993; x_wconf 88' lang='lat' dir='ltr'>laoulta-</span> 
     </span>
     <span class='ocr_line' id='line_1_5' title="bbox 226 1032 1293 1123; baseline 0.002 -24"><span class='ocrx_word' id='word_1_31' title='bbox 226 1042 294 1100; x_wconf 90' lang='lat' dir='ltr'>tum</span> <span class='ocrx_word' id='word_1_32' title='bbox 310 1033 452 1101; x_wconf 87' lang='lat' dir='ltr'>modoet</span> <span class='ocrx_word' id='word_1_33' title='bbox 467 1053 615 1100; x_wconf 90' lang='lat' dir='ltr'>mensura</span> <span class='ocrx_word' id='word_1_34' title='bbox 630 1034 670 1100; x_wconf 89' lang='lat' dir='ltr'>ab</span> <span class='ocrx_word' id='word_1_35' title='bbox 681 1035 818 1100; x_wconf 85' lang='lat' dir='ltr'>humana</span> <span class='ocrx_word' id='word_1_36' title='bbox 831 1032 1012 1123; x_wconf 76' lang='lat' dir='ltr'>distat,»(a)</span> <span class='ocrx_word' id='word_1_37' title='bbox 1025 1032 1198 1109; x_wconf 82' lang='lat' dir='ltr'>llalremus,</span> <span class='ocrx_word' id='word_1_38' title='bbox 1210 1033 1293 1101; x_wconf 85' lang='lat' dir='ltr'>silas</span> 
     </span>
     <span class='ocr_line' id='line_1_6' title="bbox 225 1138 1292 1243; baseline 0 -36"><span class='ocrx_word' id='word_1_39' title='bbox 225 1139 346 1221; x_wconf 82' lang='lat' dir='ltr'>dicere,</span> <span class='ocrx_word' id='word_1_40' title='bbox 361 1138 567 1208; x_wconf 87' lang='lat' dir='ltr'>confitentem</span> <span class='ocrx_word' id='word_1_41' title='bbox 590 1160 692 1207; x_wconf 88' lang='lat' dir='ltr'>reum.</span> <span class='ocrx_word' id='word_1_42' title='bbox 722 1138 818 1243; x_wconf 66' lang='lat' dir='ltr'>Quod</span> <span class='ocrx_word' id='word_1_43' title='bbox 832 1138 918 1207; x_wconf 92' lang='lat' dir='ltr'>euim</span> <span class='ocrx_word' id='word_1_44' title='bbox 932 1139 1098 1226; x_wconf 87' lang='lat' dir='ltr'>disciplina</span> <span class='ocrx_word' id='word_1_45' title='bbox 1112 1139 1292 1230; x_wconf 87' lang='lat' dir='ltr'>philosophi</span> 
     </span>
     <span class='ocr_line' id='line_1_7' title="bbox 225 1245 1293 1335; baseline 0.004 -21"><span class='ocrx_word' id='word_1_46' title='bbox 225 1246 470 1314; x_wconf 87' lang='lat' dir='ltr'>dissimulaverat</span> <span class='ocrx_word' id='word_1_47' title='bbox 488 1246 688 1325; x_wconf 85' lang='lat' dir='ltr'>omiserntvc,</span> <span class='ocrx_word' id='word_1_48' title='bbox 704 1266 811 1313; x_wconf 87' lang='lat' dir='ltr'>rerum</span> <span class='ocrx_word' id='word_1_49' title='bbox 834 1246 900 1334; x_wconf 91' lang='lat' dir='ltr'>ipsa</span> <span class='ocrx_word' id='word_1_50' title='bbox 913 1245 989 1313; x_wconf 85' lang='lat' dir='ltr'>fides</span> <span class='ocrx_word' id='word_1_51' title='bbox 1005 1246 1163 1335; x_wconf 80' lang='lat' dir='ltr'>exprimit,</span> <span class='ocrx_word' id='word_1_52' title='bbox 1181 1256 1214 1313; x_wconf 90' lang='lat' dir='ltr'>et</span> <span class='ocrx_word' id='word_1_53' title='bbox 1225 1266 1293 1318; x_wconf 79' lang='lat' dir='ltr'>me-</span> 
     </span>
     <span class='ocr_line' id='line_1_8' title="bbox 226 1351 1289 1443; baseline -0.002 -21"><span class='ocrx_word' id='word_1_54' title='bbox 226 1352 379 1443; x_wconf 83' lang='lat' dir='ltr'>taplrysioi</span> <span class='ocrx_word' id='word_1_55' title='bbox 395 1352 508 1442; x_wconf 88' lang='lat' dir='ltr'>placita</span> <span class='ocrx_word' id='word_1_56' title='bbox 522 1352 641 1441; x_wconf 87' lang='lat' dir='ltr'>sagacis</span> <span class='ocrx_word' id='word_1_57' title='bbox 670 1351 811 1421; x_wconf 70' lang='lat' dir='ltr'>historici</span> <span class='ocrx_word' id='word_1_58' title='bbox 831 1352 1026 1440; x_wconf 76' lang='lat' dir='ltr'>ingenuitate</span> <span class='ocrx_word' id='word_1_59' title='bbox 1045 1353 1289 1439; x_wconf 89' lang='lat' dir='ltr'>redarguuntur.</span> 
     </span>
     <span class='ocr_line' id='line_1_9' title="bbox 225 1457 1291 1550; baseline -0.007 -20"><span class='ocrx_word' id='word_1_60' title='bbox 225 1461 297 1550; x_wconf 89' lang='lat' dir='ltr'>lpse</span> <span class='ocrx_word' id='word_1_61' title='bbox 310 1460 396 1528; x_wconf 92' lang='lat' dir='ltr'>enim</span> <span class='ocrx_word' id='word_1_62' title='bbox 412 1458 545 1549; x_wconf 78' lang='lat' dir='ltr'>illustria</span> <span class='ocrx_word' id='word_1_63' title='bbox 557 1479 639 1526; x_wconf 86' lang='lat' dir='ltr'>verae</span> <span class='ocrx_word' id='word_1_64' title='bbox 658 1459 793 1527; x_wconf 80' lang='lat' dir='ltr'>solertiae</span> <span class='ocrx_word' id='word_1_65' title='bbox 807 1459 979 1549; x_wconf 82' lang='lat' dir='ltr'>specimina</span> <span class='ocrx_word' id='word_1_66' title='bbox 994 1458 1137 1547; x_wconf 87' lang='lat' dir='ltr'>protulit,</span> <span class='ocrx_word' id='word_1_67' title='bbox 1152 1457 1256 1524; x_wconf 86' lang='lat' dir='ltr'>duml</span> <span class='ocrx_word' id='word_1_68' title='bbox 1273 1496 1291 1509; x_wconf 91' lang='lat'><em>-</em></span> 
     </span>
     <span class='ocr_line' id='line_1_10' title="bbox 225 1564 1291 1654; baseline -0.002 -21"><span class='ocrx_word' id='word_1_69' title='bbox 225 1587 332 1644; x_wconf 85' lang='lat' dir='ltr'>rarum</span> <span class='ocrx_word' id='word_1_70' title='bbox 345 1586 449 1634; x_wconf 89' lang='lat' dir='ltr'>moros</span> <span class='ocrx_word' id='word_1_71' title='bbox 463 1565 603 1646; x_wconf 86' lang='lat' dir='ltr'>notabat,</span> <span class='ocrx_word' id='word_1_72' title='bbox 618 1576 650 1633; x_wconf 84' lang='lat' dir='ltr'>et</span> <span class='ocrx_word' id='word_1_73' title='bbox 662 1586 697 1633; x_wconf 89' lang='lat' dir='ltr'>ea</span> <span class='ocrx_word' id='word_1_74' title='bbox 711 1586 856 1654; x_wconf 72' lang='lat' dir='ltr'>qprppou</span> <span class='ocrx_word' id='word_1_75' title='bbox 866 1564 1185 1634; x_wconf 84' lang='lat' dir='ltr'>ascribanturanimae</span> <span class='ocrx_word' id='word_1_76' title='bbox 1194 1584 1291 1633; x_wconf 85' lang='lat' dir='ltr'>sensu</span> 
     </span>
     <span class='ocr_line' id='line_1_11' title="bbox 225 1670 1291 1760; baseline -0.001 -20"><span class='ocrx_word' id='word_1_77' title='bbox 225 1672 446 1741; x_wconf 84' lang='lat' dir='ltr'>tautummodo</span> <span class='ocrx_word' id='word_1_78' title='bbox 473 1672 602 1760; x_wconf 78' lang='lat' dir='ltr'>vigenti.</span> <span class='ocrx_word' id='word_1_79' title='bbox 619 1712 664 1723; x_wconf 90' lang='lat'>-</span> <span class='ocrx_word' id='word_1_80' title='bbox 677 1670 835 1742; x_wconf 82' lang='lat' dir='ltr'>Caeterum</span> <span class='ocrx_word' id='word_1_81' title='bbox 858 1672 1008 1760; x_wconf 91' lang='lat' dir='ltr'>Stagirita</span> <span class='ocrx_word' id='word_1_82' title='bbox 1029 1672 1102 1740; x_wconf 90' lang='lat' dir='ltr'>licet</span> <span class='ocrx_word' id='word_1_83' title='bbox 1127 1670 1195 1760; x_wconf 88' lang='lat' dir='ltr'>ipse</span> <span class='ocrx_word' id='word_1_84' title='bbox 1208 1672 1291 1740; x_wconf 92' lang='lat' dir='ltr'>sein</span> 
     </span>
     <span class='ocr_line' id='line_1_12' title="bbox 225 1778 1291 1866; baseline -0.001 -19"><span class='ocrx_word' id='word_1_85' title='bbox 225 1778 418 1847; x_wconf 86' lang='lat' dir='ltr'>historiisdc</span> <span class='ocrx_word' id='word_1_86' title='bbox 432 1778 621 1845; x_wconf 85' lang='lat' dir='ltr'>animalibus</span> <span class='ocrx_word' id='word_1_87' title='bbox 645 1779 847 1859; x_wconf 81' lang='lat' dir='ltr'>correxisset,</span> <span class='ocrx_word' id='word_1_88' title='bbox 874 1780 1017 1847; x_wconf 86' lang='lat' dir='ltr'>doctrina</span> <span class='ocrx_word' id='word_1_89' title='bbox 1042 1778 1113 1866; x_wconf 87' lang='lat' dir='ltr'>ejus</span> <span class='ocrx_word' id='word_1_90' title='bbox 1132 1778 1291 1846; x_wconf 88' lang='lat' dir='ltr'>deauima</span> 
     </span>
     <span class='ocr_line' id='line_1_13' title="bbox 225 1884 1291 1975; baseline -0.001 -22"><span class='ocrx_word' id='word_1_91' title='bbox 225 1886 394 1954; x_wconf 85' lang='lat' dir='ltr'>brutorum</span> <span class='ocrx_word' id='word_1_92' title='bbox 408 1906 505 1955; x_wconf 90' lang='lat' dir='ltr'>seusu</span> <span class='ocrx_word' id='word_1_93' title='bbox 519 1897 668 1953; x_wconf 89' lang='lat' dir='ltr'>contenta</span> <span class='ocrx_word' id='word_1_94' title='bbox 682 1888 765 1975; x_wconf 87' lang='lat' dir='ltr'>apud</span> <span class='ocrx_word' id='word_1_95' title='bbox 776 1886 1001 1966; x_wconf 85' lang='lat' dir='ltr'>Scholastioos,</span> <span class='ocrx_word' id='word_1_96' title='bbox 1013 1884 1218 1974; x_wconf 85' lang='lat' dir='ltr'>&#39;paucissimis</span> <span class='ocrx_word' id='word_1_97' title='bbox 1230 1886 1291 1952; x_wconf 89' lang='lat' dir='ltr'>ad-</span> 
     </span>
     <span class='ocr_line' id='line_1_14' title="bbox 225 1990 1292 2082; baseline 0.001 -25"><span class='ocrx_word' id='word_1_98' title='bbox 225 1990 663 2082; x_wconf 72' lang='lat' dir='ltr'>versantibuslquorumluit</span> <span class='ocrx_word' id='word_1_99' title='bbox 684 1992 718 2059; x_wconf 89' lang='lat' dir='ltr'>in</span> <span class='ocrx_word' id='word_1_100' title='bbox 747 2012 881 2059; x_wconf 89' lang='lat' dir='ltr'>numero</span> <span class='ocrx_word' id='word_1_101' title='bbox 904 1990 1039 2080; x_wconf 78' lang='lat' dir='ltr'>Scotus)</span> <span class='ocrx_word' id='word_1_102' title='bbox 1060 1992 1161 2081; x_wconf 86' lang='lat' dir='ltr'>viguit</span> <span class='ocrx_word' id='word_1_103' title='bbox 1180 2012 1292 2060; x_wconf 90' lang='lat' dir='ltr'>sacro-</span> 
     </span>
     <span class='ocr_line' id='line_1_15' title="bbox 228 2097 1290 2189; baseline -0.002 -22"><span class='ocrx_word' id='word_1_104' title='bbox 228 2110 350 2180; x_wconf 91' lang='lat' dir='ltr'>sancta,</span> <span class='ocrx_word' id='word_1_105' title='bbox 362 2098 464 2167; x_wconf 87' lang='lat' dir='ltr'>donec</span> <span class='ocrx_word' id='word_1_106' title='bbox 474 2097 649 2175; x_wconf 83' lang='lat' dir='ltr'>Cartcsius,</span> <span class='ocrx_word' id='word_1_107' title='bbox 659 2098 940 2189; x_wconf 87' lang='lat' dir='ltr'>Peripateticorum</span> <span class='ocrx_word' id='word_1_108' title='bbox 949 2098 1162 2187; x_wconf 89' lang='lat' dir='ltr'>impugnator,</span> <span class='ocrx_word' id='word_1_109' title='bbox 1174 2118 1290 2166; x_wconf 85' lang='lat' dir='ltr'>nouum</span> 
     </span>
     <span class='ocr_line' id='line_1_16' title="bbox 224 2203 997 2309; baseline -0.012 -30"><span class='ocrx_word' id='word_1_110' title='bbox 224 2204 303 2296; x_wconf 82' lang='lat' dir='ltr'>quio</span> <span class='ocrx_word' id='word_1_111' title='bbox 317 2214 350 2273; x_wconf 91' lang='lat' dir='ltr'>et</span> <span class='ocrx_word' id='word_1_112' title='bbox 363 2205 537 2300; x_wconf 78' lang='lat' dir='ltr'>pessimum</span> <span class='ocrx_word' id='word_1_113' title='bbox 551 2204 657 2291; x_wconf 88' lang='lat' dir='ltr'>hercle</span> <span class='ocrx_word' id='word_1_114' title='bbox 668 2203 911 2309; x_wconf 74' lang='lat' dir='ltr'>commendarit.</span> <span class='ocrx_word' id='word_1_115' title='bbox 929 2203 997 2305; x_wconf 70' lang='grc' dir='ltr'>(ᾗο)</span> 
     </span>
    </p>
   </div>
   <div class='ocr_carea' id='block_1_3' title="bbox 225 4228 755 4242">
    <p class='ocr_par' dir='ltr' id='par_1_3' title="bbox 225 4228 755 4242">
     <span class='ocr_line' id='line_1_17' title="bbox 225 4228 755 4242; baseline 0.009 -5"><span class='ocrx_word' id='word_1_116' title='bbox 225 4228 755 4242; x_wconf 49' lang='lat' dir='ltr'>gun—*Q</span> 
     </span>
    </p>
   </div>
   <div class='ocr_carea' id='block_1_4' title="bbox 260 4281 811 4360">
    <p class='ocr_par' dir='ltr' id='par_1_4' title="bbox 260 4281 811 4360">
     <span class='ocr_line' id='line_1_18' title="bbox 260 4281 811 4360; baseline 0.011 -24"><span class='ocrx_word' id='word_1_117' title='bbox 260 4281 295 4355; x_wconf 82' lang='lat' dir='ltr'>(o)</span> <span class='ocrx_word' id='word_1_118' title='bbox 309 4283 464 4356; x_wconf 77' lang='lat' dir='ltr'>Demitur,</span> <span class='ocrx_word' id='word_1_119' title='bbox 482 4282 586 4341; x_wconf 86' lang='lat' dir='ltr'>edition</span> <span class='ocrx_word' id='word_1_120' title='bbox 601 4284 688 4354; x_wconf 71' lang='lat' dir='ltr'>Dicor,</span> <span class='ocrx_word' id='word_1_121' title='bbox 706 4301 732 4360; x_wconf 89' lang='lat' dir='ltr'>p.</span> <span class='ocrx_word' id='word_1_122' title='bbox 750 4289 811 4342; x_wconf 72' lang='lat' dir='ltr'>rm.</span> 
     </span>
    </p>
   </div>
   <div class='ocr_carea' id='block_1_5' title="bbox 0 0 1600 5475">
    <p class='ocr_par' dir='ltr' id='par_1_5' title="bbox 0 0 1600 5475">
     <span class='ocr_line' id='line_1_19' title="bbox 0 0 1600 5475; baseline 0 2"><span class='ocrx_word' id='word_1_123' title='bbox 0 0 1600 5475; x_wconf 95' lang='lat' dir='ltr'> </span> 
     </span>
    </p>
   </div>
  </div>
 </body>
</html>
