3192 5475
376 2281 497 2352 Seneca
510 2282 684 2371 arguitura
707 2280 804 2351 Fabio
818 2301 931 2370 parum
947 2280 1045 2350 luisse
1055 2281 1190 2369 diligens
1212 2284 1245 2350 in
1259 2282 1398 2372 philoso

330 2388 404 2479 plaia
419 2412 427 2457 :
444 2390 470 2457 si
486 2388 702 2473 Quintilianus
713 2389 764 2456 his
791 2388 895 2457 verbis
910 2388 1016 2455 innuit
1031 2388 1189 2457 Annaeum
1202 2409 1220 2457 a
1235 2400 1320 2459 secta
1341 2410 1397 2458 sua

331 2516 395 2565 non
410 2496 508 2565 semel
517 2495 699 2577 descivisse,
714 2515 819 2583 neque
834 2495 932 2563 luisse
944 2495 1060 2563 Stoicae
1074 2496 1283 2565 institutionis
1297 2497 1419 2565 inter--

332 2613 455 2693 protem
480 2602 766 2683 accuratissimum,
782 2601 899 2669 veritas
913 2623 986 2670 cum
1000 2602 1054 2669 illo
1067 2602 1150 2671 lacit.
1175 2603 1297 2691 Siquid
1316 2602 1400 2672 enim

329 2708 414 2780 Zeno
428 2708 538 2778 durius
550 2708 590 2778 de
612 2708 711 2778 hestia
725 2719 927 2799 praeceperat,
942 2708 1063 2778 Seneca
1087 2708 1210 2779 mollire
1224 2710 1311 2779 visus
1333 2720 1391 2779 est.

376 2815 697 2905 ldcincobrutaponit
711 2837 775 2883 non
796 2817 974 2905 principatu
994 2816 1111 2884 mentis
1123 2817 1254 2885 omnino
1278 2837 1396 2896 carere,

332 2923 389 2992 sed
400 2944 438 2992 eo
452 2935 603 3013 tanquam
618 2923 759 2992 abortivo
776 2923 832 2990 uti.
846 2922 1138 3005 Quemadmodum,
1153 2924 1208 3006 ait,
1222 2925 1283 2992 illis
1295 2923 1399 3011 lingua

332 3031 403 3098 data
418 3042 478 3113 est,
495 3030 551 3100 sed
563 3031 706 3100 devincta
719 3051 778 3099 nee
791 3031 824 3097 in
850 3040 958 3099 motus
971 3030 1075 3098 uarios
1097 3030 1212 3112 soluta,
1229 3042 1284 3098 ent
1305 3030 1398 3098 etiam

332 3157 392 3206 uox
405 3137 546 3226 quidem,
561 3139 615 3206 sed
627 3138 797 3206 verborum
810 3137 966 3218 inefficax,
983 3137 1026 3204 ita
1041 3136 1146 3227 ipsum
1159 3136 1331 3226 principale
1343 3156 1397 3224 pa·

332 3265 403 3313 rum
418 3245 544 3322 subtile,
565 3266 673 3334 parum
695 3258 852 3313 exactum.
872 3270 887 3306 α
906 3243 996 3331 Capit
1011 3264 1086 3331 engo
1100 3243 1188 3311 visus
1214 3243 1397 3332 speciesque

331 3372 439 3422 renum
455 3353 570 3440 quibus
592 3353 629 3419 ad
657 3353 794 3441 impetus
810 3350 924 3448 (ὁρμάς)
940 3360 1098 3427 evocetur,
1124 3350 1179 3418 sed
1202 3350 1344 3418 turbidas
1366 3364 1398 3418 et

330 3468 488 3536 confusas.
510 3494 524 3530 n
541 3467 648 3556 ltaque
663 3488 736 3534 cum
755 3465 897 3534 Annaeus
911 3464 977 3553 ipse
992 3464 1181 3553 cupiditates
1195 3465 1395 3553 opinionibus

332 3574 494 3655 assimilet,
521 3574 619 3640 mutis
632 3572 753 3661 affingit
771 3572 902 3640 affectus
926 3592 1061 3659 quonum
1087 3582 1198 3639 natum
1220 3572 1396 3660 specierum

331 3679 455 3748 illarum
473 3689 593 3749 naturae
620 3678 832 3766 respondeat:
861 3677 907 3745 lta
927 3678 993 3744 visa
1020 3678 1153 3746 confusa
1183 3689 1215 3745 et
1241 3677 1396 3746 imbecilla

332 3799 438 3856 motus
452 3788 484 3854 in
503 3785 604 3854 bestia
617 3785 775 3854 concitant
797 3805 885 3853 acces
906 3785 1035 3873 quidem
1064 3783 1168 3865 initio,
1193 3784 1249 3851 sed
1272 3783 1397 3852 brevius

335 3894 514 3963 duraturos.
530 3891 656 3959 Etenim
671 3911 777 3959 nonne
795 3890 901 3959 vidisti
926 3895 1041 3958 canum
1060 3890 1123 3957 inas
1144 3890 1194 3957 uel
1216 3890 1400 3979 asperrimas

332 4020 485 4091 perparvo
500 4009 642 4088 tempore
654 3998 819 4087 interjecto
833 3998 958 4078 cadere,
974 4007 1005 4064 et
1020 4019 1091 4064 eum
1118 3996 1270 4065 acerrime
1285 3996 1394 4064 saeuie-

334 4107 410 4186 nint,
423 4111 454 4172 in
467 4105 607 4194 quietem
620 4105 682 4173 cito
697 4125 906 4194 soporemque
924 4103 1043 4171 remitti
1056 4105 1073 4170 ‘l
1086 4103 1171 4171 idem
1184 4103 1267 4193 apud
1283 4125 1397 4192 pueros

336 4211 405 4282 lieri
417 4211 561 4282 dixerim.
578 4211 666 4281 Nihil
677 4212 709 4280 in
724 4233 835 4281 eorum
847 4211 1042 4281 intellectum
1056 4225 1204 4301 pectusve
1218 4208 1313 4277 altius
1322 4209 1396 4279 des-
