3192 5475
766 502 945 571 ..40-

323 635 378 719 eit,
392 637 577 707 instinctum
591 651 624 709 et
637 642 804 711 mirificam
817 644 881 711 vim
894 643 960 712 iisa
975 652 1085 711 natura
1099 640 1203 709 datam
1218 638 1309 708 lacile
1319 636 1393 704 vin·

322 742 379 826 uit,
395 742 590 815 intellectum
604 748 837 819 multominus.
853 748 924 819 Tria
939 760 1044 818 tamen
1058 756 1190 837 excepta
1202 746 1393 834 velim,qoae

322 847 349 917 si
374 851 534 939 protulero
560 852 664 923 bonus
695 855 818 925 veniam
832 856 933 924 dabis.
951 853 1125 945 Postquam
1140 852 1256 921 vidisse
1270 872 1305 920 se
1318 871 1393 919 nar-

322 956 401 1023 rnvit
423 958 553 1027 boedum
572 980 630 1050 per
647 960 825 1031 funiculum
838 962 1049 1031 ambulantem
1071 974 1103 1029 et
1117 960 1233 1049 pedum
1247 957 1391 1026 anterio-

323 1082 394 1130 rum
406 1063 521 1132 auxilio
531 1065 694 1137 ludentem
706 1067 844 1156 globulis
855 1068 888 1135 in
908 1089 1014 1138 aerem
1025 1068 1162 1156 jactatis,
1183 1064 1290 1154 adjicit
1300 1065 1388 1132 baec:

325 1196 341 1232 ι
367 1169 483 1238 mirum
497 1169 529 1240 id
559 1171 752 1241 mihivisunr
768 1185 829 1256 est,
851 1176 1019 1263 quodcum
1038 1176 1105 1243 baec
1118 1183 1238 1261 ageret,
1260 1171 1293 1239 in
1320 1168 1388 1238 ludi

323 1276 512 1364 magistrum
526 1278 636 1347 oeulos
647 1279 770 1364 fixerat,
785 1280 916 1365 veritus,
927 1292 1015 1371 puto,
1026 1301 1067 1349 ne
1081 1280 1158 1369 quid
1171 1277 1387 1367 delinqueret;

322 1398 419 1471 atque
430 1383 524 1451 simul
539 1396 718 1474 spectantes
733 1387 920 1477 respiciebat
928 1386 1157 1477 gauderent'an
1171 1385 1304 1454 moleste
1319 1384 1389 1453 ler-

323 1499 394 1557 rent
408 1490 665 1580 investigaturus.
690 1492 842 1563 Confecto
864 1504 972 1563 antem
995 1493 1188 1584 spectaculo,
1204 1491 1317 1559 timore
1335 1509 1391 1557 va·

321 1616 411 1680 uuus,
425 1596 518 1667 sicuti
529 1599 661 1668 bellator
672 1600 801 1669 victoria
812 1601 931 1690 potitus
947 1600 1153 1690 gloriabatur.
1172 1598 1266 1682 Quod
1281 1597 1386 1665 mani-

321 1703 439 1773 festum
452 1716 520 1773 erat
541 1726 580 1774 ex
595 1707 674 1775 saltu
695 1718 726 1775 et
738 1708 892 1776 continua
903 1707 1076 1796 agitatione
1091 1717 1123 1775 et
1135 1706 1237 1775 oeulis
1250 1703 1387 1772 laetitiam

322 1830 358 1879 ac
369 1812 455 1879 velut
469 1812 826 1903 hilaritatemrisnsprae
837 1813 1067 1883 solerentibus.
1091 1810 1184 1881 »lam
1196 1832 1271 1879 vero
1282 1810 1388 1897 aoeipe

321 1914 497 1986 Grseoulam
522 1919 762 2008 elephantorum
785 1921 1063 2011 computationem.
1093 1917 1207 1987 «Com
1229 1918 1262 1986 in
1294 1917 1384 1984 thea-

324 2034 407 2091 trum
423 2023 559 2112 ingressi
574 2038 647 2093 sunt
662 2026 812 2109 ordinati,
837 2038 987 2115 tanquam
998 2048 1038 2095 ex
1060 2024 1208 2093 mandato
1224 2023 1386 2093 silentium
1483 2093 1490 2109 ‚

322 2130 510 2200 observante
523 2132 626 2214 turba,
642 2130 778 2219 primum
788 2153 900 2201 omnes
911 2132 1005 2200 simul
1017 2130 1284 2221 elephanteslaeie
1296 2145 1387 2197 tenus

325 2250 428 2327 genua
443 2236 607 2308 flectentes
620 2237 792 2307 adorarunt
815 2240 1060 2328 Agonothetam.
1079 2236 1202 2305 Deinde
1215 2255 1385 2325 assurgen-

322 2356 371 2412 tes
385 2344 588 2435 proboseides
606 2347 639 2413 iu
653 2346 780 2414 sublimi
791 2345 975 2428 movebant,
991 2344 1167 2412 indicantes
1180 2343 1308 2411 salutari
1322 2359 1386 2410 ase

320 2452 484 2541 populum.
513 2450 628 2521 Postea
655 2452 888 2543 spectatoribus
913 2471 969 2520 eos
994 2449 1208 2527 laudantibus,
1225 2449 1271 2517 illi
1296 2447 1383 2536 quasi

319 2568 461 2627 mutuam
476 2559 698 2627 salutationem
708 2560 908 2649 recipientes,
923 2578 1035 2627 manns
1044 2578 1117 2626 suas
1130 2554 1386 2625 deorsomdemi-

318 2678 440 2734 serunt.
454 2664 608 2735 Nonnulli
622 2686 697 2733 vero
712 2686 821 2735 eorum
833 2664 1020 2734 discubuere
1028 2664 1130 2745 illico3
1147 2663 1223 2755 (jain
1233 2661 1319 2731 enim
1331 2681 1385 2752 pa-

320 2773 379 2842 rati
392 2773 517 2842 luerunt
530 2773 604 2842 lecti
617 2773 711 2843 lerrei
739 2771 934 2854 solidissimi,
951 2771 1079 2860 provide
1099 2770 1240 2860 quidem,
1264 2791 1307 2838 ne
1320 2771 1382 2838 im·

321 2879 406 2950 mani
420 2878 560 2970 pondere
574 2867 813 2970 elephantorum
828 2877 1091 2968 frangerentur);
1115 2877 1224 2967 reliqui
1237 2898 1313 2947 vero
1326 2898 1382 2945 ve-

319 2987 366 3054 lut
382 2987 488 3054 lamuli
505 3007 561 3076 pro
575 2985 751 3055 ministerio
765 2985 891 3054 stabunt
903 2995 976 3054 ante
991 3005 1058 3064 eos,
1075 2999 1106 3052 et
1127 2982 1384 3070 multa-convivio

322 3093 551 3160 usuvenientia
573 3092 774 3182 obsequiose,
791 3105 823 3160 et
846 3093 915 3160 sine
931 3113 1017 3159 mora
1042 3089 1244 3159 exhibebant.
1272 3088 1384 3178 Neque

319 3200 421 3269 multo
434 3211 504 3290 post
517 3209 600 3269 unos
612 3199 760 3282 surrevit,
775 3201 872 3269 veluti
887 3199 1018 3267 satiatus
1037 3197 1181 3286 dapibus,
1196 3198 1262 3286 pr'ae
1279 3217 1314 3264 se
1329 3196 1380 3264 lo·

324 3314 398 3374 re'ns
419 3305 498 3374 ebrii
522 3305 774 3386 similitudinem,
791 3319 824 3374 et
838 3306 935 3375 instar
949 3304 1087 3372 bominis
1106 3307 1143 3370 ad
1160 3317 1285 3371 nntvtm
1300 3302 1384 3372 tubae

319 3411 508 3502 oitba‘aeque
529 3413 661 3480 saltavit.
688 3413 791 3482 Ceteri
806 3412 926 3480 interea
942 3411 1143 3500 proboscides
1157 3410 1384 3493 novellantes

320 3518 492 3588 identidem
510 3519 677 3587 sibilabant
688 3517 921 3608 adtripndinm,
938 3519 1028 3607 quasi
1042 3520 1133 3586 lande
1141 3529 1381 3607 prosequentes.

323 3621 492 3714 Postquam
509 3625 635 3693 demum
649 3645 733 3692 riuus
756 3623 913 3692 lucernam
937 3624 1054 3706 attulit,
1070 3643 1107 3690 ea
1127 3625 1206 3705 visa,
1233 3623 1382 3712 judican-

319 3739 369 3799 tes
390 3743 515 3821 tempus
548 3752 618 3799 esse
641 3729 808 3813 redeundi,
830 3749 1070 3808 consurrexere,
1094 3729 1229 3798 necdum
1252 3733 1383 3797 omnino

320 3837 484 3906 ebriorum
503 3857 654 3926 personas
667 3850 810 3925 agentes,
826 3838 882 3905 sed
895 3837 1082 3904 labascendo
1108 3856 1145 3905 ao
1169 3836 1321 3914 nutando,
1339 3835 1382 3904 ita

322 3952 358 4009 ut
369 3963 452 4030 segre
468 3944 564 4032 pudes
578 3965 704 4013 movere
718 3955 848 4034 possent
860 3944 891 4010 in
906 3963 1016 4032 gressu
1031 3968 1039 4024 ;
1056 3953 1273 4010 verumtamen
1288 3942 1382 4010 vacil-

318 4048 426 4116 labant
453 4050 624 4118 titubantes
650 4051 881 4119 vitro'entorum
897 4071 997 4134 more,
1012 4050 1140 4117 doneoa
1160 4051 1281 4118 theatro
1295 4049 1382 4116 abie-

323 4167 410 4224 runt.
432 4183 447 4220 o
471 4157 577 4227 Tertio
599 4155 833 4227 narratiuncula
857 4156 995 4246 pertinet
1015 4157 1056 4224 ad
1069 4155 1386 4225 ossonobensis
