3192 5475
196 731 283 805 tione
310 736 551 805 commendatur
572 739 626 826 qui
641 738 741 807 utitur
761 760 799 807 eo
819 742 904 828 quod
925 738 1024 809 estin
1051 738 1139 808 omui
1155 759 1264 809 rerum

195 852 306 911 natura
332 844 609 931 perlectissimnm
626 847 757 914 ratione.
774 845 833 915 Cui
850 846 973 913 muneri
992 847 1099 915 divino
1118 848 1265 916 voluntas

196 958 228 1019 et
256 949 420 1017 arbitrium
449 952 626 1021 necessario
646 954 819 1021 adbaerent.
849 954 946 1041 Atqui
973 954 1089 1023 animal
1117 966 1265 1023 naturam

96 1142 99 1149 .
196 1078 285 1124 suam
297 1058 518 1127 velutidueem
532 1060 687 1147 seqnitur,
699 1062 753 1129 s'etl
762 1072 907 1129 coactum
920 1073 950 1128 et
966 1061 1163 1150 imprudens
1176 1061 1263 1129 nude

198 1182 264 1231 uon
288 1166 381 1231 modo
397 1164 564 1233 virtutibus
579 1168 727 1235 humanis
736 1168 791 1235 sed
801 1168 896 1235 etiam
908 1169 991 1235 viriis
1000 1168 1193 1256 prohibitum
1204 1178 1266 1237 est.

198 1269 256 1338 Cui
269 1281 375 1338 autem
388 1292 492 1359 neque
503 1273 585 1341 bona
616 1295 719 1362 neque
745 1275 967 1363 malapropria
991 1286 1078 1358 suut,
1103 1276 1135 1344 id
1150 1272 1269 1343 animal

200 1382 281 1447 inter
296 1389 408 1445 neutra
423 1377 588 1478 (ἀδιάφορα)
608 1382 765 1449 recenseri
778 1401 841 1448 non
863 1382 1035 1449 absurdum
1054 1382 1125 1465 erit,
1144 1383 1271 1472 quando

199 1488 283 1557 illius
297 1503 407 1561 natura
421 1514 525 1583 neque
552 1515 606 1583 per
629 1514 663 1561 se
687 1505 785 1575 recta,
801 1514 907 1582 neque
920 1513 1012 1581 prava
1026 1503 1083 1561 aut
1103 1495 1272 1582 depravata

199 1598 301 1685 possit
312 1600 537 1687 cognominari.
561 1600 707 1669 Hominis
734 1620 808 1669 vero
823 1620 916 1689 prava
930 1609 985 1667 aut
1006 1613 1090 1668 recta
1104 1601 1168 1669 rita
1180 1599 1270 1667 dice-

201 1714 265 1787 tur,
284 1718 375 1793 prout
395 1708 618 1775 convenienter
643 1718 763 1775 naturae
777 1708 863 1774 illam
877 1727 972 1795 agere
991 1706 1114 1775 curabit
1125 1715 1180 1775 aut
1208 1726 1272 1775 ue-

200 1810 309 1898 gliget.
326 1812 412 1896 Quid
435 1815 477 1883 sit
493 1826 600 1883 autem
614 1814 842 1883 convenienter
867 1824 987 1881 naturae
1003 1813 1108 1882 vivere
1132 1813 1184 1881 alii
1208 1813 1273 1885 allo

203 1918 297 1986 modo
310 1919 608 2010 interpretabantur.
627 1921 723 1989 Stoici
745 1921 832 1989 euim
853 1942 927 1989 cum
951 1933 1094 1989 naturam
1121 1933 1153 1989 et
1178 1919 1274 1987 ratio-

205 2046 278 2095 uem
293 2048 386 2095 unam
401 2047 472 2096 esse
483 2027 662 2111 crederent,
679 2048 753 2097 eum
769 2027 916 2097 volebant
939 2028 1072 2116 obsequi
1085 2039 1204 2095 naturae
1222 2025 1277 2115 qui

204 2131 319 2201 rationi
333 2135 572 2224 obsequeretur.
589 2134 697 2223 Cynici
711 2154 785 2203 vero
800 2134 925 2202 laudem
939 2134 999 2201 sibi
1013 2155 1158 2222 magnam
1173 2133 1277 2202 exitu·

205 2261 272 2311 ram
285 2240 358 2309 inde
383 2251 580 2329 putaverant,
602 2241 629 2309 si
652 2261 757 2309 mores
778 2261 854 2307 snos
868 2260 964 2328 quam
980 2241 1122 2333 proxime
1134 2240 1278 2310 moribus

207 2349 388 2419 animalium
404 2347 626 2429 assimilarent,
649 2368 720 2435 quae
736 2368 809 2415 cum
829 2366 976 2435 perverse
988 2356 1182 2435 etcorrupte
1199 2344 1280 2415 nibil

206 2467 313 2545 agant,
330 2466 451 2523 naturae
466 2454 562 2543 ipsius
577 2464 657 2521 nntn
675 2463 707 2521 et
719 2454 849 2521 arbitrio
870 2454 936 2542 regi
948 2454 1107 2523 videntur.
1131 2454 1209 2522 lude
1229 2473 1281 2521 ca-

208 2566 291 2633 ninae
318 2563 391 2631 vitae
418 2561 519 2650 turpis
550 2562 609 2629 ista
631 2560 803 2643 aemulatio,
827 2561 917 2648 quasi
943 2560 1126 2648 praeclarum
1145 2558 1280 2648 sapienti
1327 2609 1331 2612 -

209 2672 290 2740 loret
304 2669 411 2736 omnia
427 2669 459 2734 in
482 2688 516 2735 se
531 2666 691 2755 corrigere
703 2678 757 2734 aut
781 2667 1008 2736 circumcidere
1031 2688 1103 2756 qnae
1115 2667 1155 2733 ab
1169 2666 1281 2734 imita·-
1302 2675 1309 2717 l

210 2780 296 2845 tione
310 2775 523 2864 quadrupedis
537 2775 749 2843 abhorreant!
779 2774 822 2842 At
843 2775 960 2856 hercle,
989 2774 1015 2843 si
1037 2775 1096 2842 ista
1119 2775 1174 2843 tibi
1201 2773 1282 2842 ratio

212 2885 309 2974 placet
322 2893 499 2970 tantopere,
514 2881 591 2970 quin
607 2881 712 2972 potius
725 2902 836 2950 saxum
849 2881 1004 2950 imitaris‘.l
1026 2882 1058 2951 id
1075 2882 1163 2950 enirn
1190 2880 1282 2949 bruta

211 2991 305 3060 etiam
321 3000 441 3058 naturae
465 2988 588 3076 legibus
613 2987 748 3056 fideliter
774 2988 1022 3077 obtemperando
1043 3000 1180 3078 superat.
1198 2986 1281 3056 Nam

211 3099 269 3168 visi
280 3108 355 3166 sunt
366 3115 461 3164 canes
472 3095 525 3184 qui
537 3116 643 3164 amore
656 3095 777 3163 domini
791 3116 868 3182 ¹sese
881 3105 992 3164 contra
1002 3094 1179 3164 naturalem
1193 3093 1282 3162 illum

213 3206 350 3274 adolore
365 3213 526 3272 recessum
547 3203 639 3270 morti
662 3202 855 3290 objeceriut;
883 3201 962 3289 lapis
986 3212 1093 3268 autem
1119 3219 1284 3288 nunqnam

213 3324 353 3380 anatura
367 3310 496 3378 descivit
511 3309 589 3378 adeo
615 3319 648 3376 ut
660 3309 693 3376 in
705 3309 839 3376 sublime
849 3308 954 3396 jactus
965 3308 1004 3375 ad
1022 3317 1105 3375 astra
1118 3307 1280 3395 migraret.

214 3421 276 3490 Sed
288 3420 356 3488 baec
369 3417 457 3498 satis,
475 3437 578 3504 neque
591 3415 727 3504 Diogeni
741 3414 792 3482 isti
808 3414 1030 3483 maledicamus
1048 3413 1104 3502 qui
1123 3414 1200 3481 dum
1221 3431 1284 3480 ua-

215 3535 320 3592 turam
333 3525 504 3591 humanam
526 3523 651 3590 vincere
666 3543 700 3590 se
715 3531 818 3610 putat,
831 3532 955 3588 tautum
968 3521 1102 3588 excedit.
1119 3520 1231 3597 lmmo,
1259 3518 1289 3588 si

215 3630 392 3702 collibuerit
407 3628 528 3696 bomini
548 3638 653 3709 acuto,
680 3649 808 3696 carnem
832 3627 962 3696 crudam
976 3629 1070 3695 edere
1090 3625 1284 3716 experiatur,

215 3761 256 3808 ne
284 3739 429 3806 vincatur
450 3756 467 3802 a
484 3736 561 3803 suis.
590 3734 774 3804 Musonium
793 3735 889 3802 etiam
909 3734 1130 3822 gravissimum
1147 3731 1288 3820 alloquin

218 3848 335 3926 virum,
350 3843 455 3911 crines
469 3863 560 3931 parce
571 3862 716 3910 resecare
728 3851 759 3910 et
768 3841 900 3930 barbam
912 3849 1164 3909 ornameutnma
1178 3850 1291 3908 natura

219 3953 341 4032 datum,
364 3949 549 4039 promittere
577 3969 633 4036 per
660 3967 712 4016 me
737 3947 857 4016 licebit.
885 3947 1002 4015 Omnia
1026 3948 1094 4016 baec
1109 3946 1195 4014 euim
1211 3944 1292 4013 nulli

219 4057 280 4128 nisi
299 4054 482 4125 auctoribus
496 4064 622 4135 nocent,
641 4074 743 4142 neque
754 4073 905 4142 magnum
917 4054 1052 4122 afferunt
1065 4053 1160 4121 rebus
1174 4054 1292 4120 buma-

219 4166 270 4234 uis
284 4162 521 4236 detrimentum.
536 4159 584 4229 De
600 4159 778 4249 Cyrenaicis
793 4181 858 4228 uon
872 4161 961 4228 item.
976 4160 1018 4231 Hi
1038 4159 1124 4228 euim
1136 4169 1293 4248 quantum

220 4271 338 4343 bestias
350 4269 484 4356 maligne
498 4277 530 4335 et
544 4267 665 4337 duriter
677 4267 806 4350 babent,
823 4267 857 4336 ln
869 4267 909 4336 iis
923 4288 995 4357 quae
1009 4267 1207 4340 intellectum
1216 4286 1293 4356 pru-
