3192 5475
806 572 985 649 ..σῃ

353 723 416 794 iltis
440 721 544 793 inesse
556 720 693 793 nocituri
719 721 897 804 scientiam,
926 742 991 791 non
1013 720 1232 811 experimento
1245 717 1429 790 collectam.

354 832 437 903 Nam
451 840 620 919 antequam
634 829 756 918 possint
779 829 929 919 experiri,
944 840 1066 898 mvent.
1087 855 1103 892 »
1121 829 1167 897 lta
1181 828 1318 897 naturali
1339 829 1435 917 pulsa

354 938 506 1013 instinctu
516 936 615 1007 bestia
625 935 657 1003 id
671 936 735 1024 ugit
745 948 778 1003 ut
788 949 972 1026 permaneat
983 936 1017 1005 in
1029 936 1249 1005 conciliatione
1259 947 1292 1005 et
1299 935 1435 1005 caritate

354 1045 415 1117 sui.
433 1044 498 1114 Res
511 1054 561 1113 est
574 1043 607 1112 iu
620 1042 797 1132 propatulo.
813 1042 878 1113 Sed
890 1042 1087 1135 Chrysippus
1099 1043 1160 1111 hoc
1177 1061 1295 1111 novom
1306 1042 1428 1131 adjicit,

355 1171 421 1223 nou
436 1151 540 1219 solum
558 1149 673 1217 animal
698 1168 794 1217 omne
814 1170 855 1218 ‚se
879 1149 940 1218 sibi
962 1151 1196 1230 commendare,
1210 1149 1432 1217 verumetiam

224 1251 227 1256 ’
355 1259 441 1330 illius
456 1255 740 1327 commendationis
754 1265 787 1323 et
799 1256 1039 1325 constitutionis
1049 1277 1116 1325 suae
1127 1256 1355 1326 conscientiam
1374 1257 1434 1323 ba-

355 1371 431 1447 bere
455 1372 525 1463 (τῆς
536 1369 709 1443 συστάσεως
722 1364 1017 1460 ωνσίδησιν),ᾳυοά
1036 1369 1184 1458 placitum
1203 1371 1346 1441 bnnaens
1358 1391 1432 1440 am-

354 1477 502 1568 plectitur
515 1475 569 1567 (r).
584 1476 723 1547 Necesse
738 1488 787 1547 est
798 1477 898 1559 enirn,
913 1477 970 1559 ait,
985 1496 1117 1545 sensum
1136 1476 1207 1566 ejus
1217 1477 1354 1547 habeant
1363 1479 1433 1547 ani-

356 1583 447 1653 malia
461 1584 514 1653 oui
540 1595 703 1673 parentet
736 1605 754 1653 a
786 1605 850 1673 quo
872 1598 1044 1671 reguntur3
1070 1582 1254 1673 (naturalem
1277 1582 1432 1670 signifieat

355 1691 541 1763 instinctum
555 1701 589 1759 et
604 1692 703 1780 ipsam
718 1690 863 1759 animalis
874 1688 1158 1777 constitutionem).
1186 1688 1309 1757 Sensus
1325 1700 1432 1756 autem

356 1797 421 1879 ille,
438 1797 668 1879 utinlantibns,
686 1798 732 1866 sic
745 1795 856 1867 bestiae
877 1816 941 1866 non
956 1795 1032 1865 satis
1044 1794 1274 1865 dilucidusest.
1287 1794 1383 1865 Unde
1396 1794 1433 1860 lit

356 1915 392 1973 ut
405 1922 494 1973 suam
506 1904 630 1973 noverit
642 1903 903 1973 constitutionem
932 1918 1087 1991 quatenus
1113 1900 1174 1990 ipsi
1200 1911 1346 1971 nostrum
1359 1900 1429 1969 ani-

357 2030 444 2083 mum
459 2010 617 2079 novimus.
634 2010 760 2080 Scimus
780 2009 866 2079 enim
892 2009 1086 2098 probchunc
1114 2017 1261 2077 nostmm
1289 2008 1431 2077 animum

358 2136 441 2199 essm
458 2116 515 2185 sod
528 2116 605 2205 quid
619 2116 672 2199 sit,
690 2117 744 2185 uhi
767 2117 822 2199 sit,
845 2116 961 2205 qualis,
982 2126 1016 2183 et
1028 2116 1114 2184 uude
1137 2115 1308 2183 nescimus.
1324 2112 1432 2182 Bestia

229 2304 230 2309 ,
358 2221 635 2312 pariternaturam
649 2223 750 2316 ipsius
769 2222 930 2311 intelligit,
941 2221 1010 2305 sed,
1023 2232 1058 2289 ut
1078 2220 1213 2289 bestiam
1224 2220 1327 2299 decet.
1341 2241 1432 2289 sum·

358 2330 466 2399 matim
479 2345 510 2399 et
531 2329 677 2399 obscure.
701 2368 746 2383 -
773 2329 889 2398 Melius
912 2328 973 2397 sibi
998 2328 1226 2398 convenientes
1248 2327 1432 2397 Scholastici

236 2454 241 2466 “
357 2436 541 2507 sensitivam
553 2436 692 2507 unimam
714 2437 753 2505 ab
765 2435 948 2506 Aristotelis
972 2434 1137 2523 disciplina
1161 2445 1328 2525 postquam
1349 2436 1430 2503 arri-

360 2543 612 2634 puerant,hujus
637 2544 747 2613 bestiis
760 2542 990 2613 conscientiam
1012 2540 1207 2611 auferebant.
1234 2540 1334 2613 Stoici
1357 2558 1432 2612 vero

358 2653 437 2735 dum
459 2650 670 2741 quaestionem
707 2671 777 2719 eam
804 2649 954 2733 enudant,
984 2649 1145 2741 quomodo
1170 2648 1431 2740 temperationem

358 2747 450 2828 snam
463 2758 618 2847 intelligat
629 2757 744 2841 bestia,
760 2778 874 2849 parum
887 2777 999 2826 curare
1013 2755 1159 2826 videntur
1172 2757 1250 2846 quid
1264 2757 1304 2828 de
1316 2759 1434 2848 prinoi-

358 2874 435 2958 patu
450 2865 565 2934 animae
578 2863 746 2947 edixerint,
770 2885 867 2955 quern
892 2862 1098 2953 pronuntient
1124 2864 1248 2934 nullum
1272 2863 1307 2932 in
1333 2865 1430 2934 mutis

359 2972 506 3044 inveniri.
521 2971 556 3041 Si
566 2991 642 3042 vero
654 2972 759 3040 nullus
772 2976 943 3062 reperitur,
958 2971 1013 3060 qui
1027 2980 1176 3061 poterunt
1189 2971 1238 3040 rel
1249 2972 1433 3041 summatim

361 3088 506 3167 naturam
540 3098 630 3173 suum
653 3079 872 3168 cognoscere?
891 3077 956 3148 Sed
988 3077 1231 3148 inconstantiam
1253 3076 1432 3150 Stoicorum

362 3185 467 3256 dicere
488 3187 616 3278 longum
640 3199 701 3270 est,
729 3207 833 3275 neque
860 3185 1111 3275 inopportunum
1130 3185 1298 3254 decorum
1335 3206 1431 3276 repu-

363 3293 503 3383 gnantiis
517 3294 634 3366 librum
651 3294 840 3363 Plutarchus
854 3290 964 3361 edidit.

376 3479 381 3488 ,
407 3400 536 3470 lumem
556 3401 713 3470 idverum
731 3401 817 3490 apud
830 3397 967 3480 Stoicos,
981 3397 1098 3466 animal
1123 3398 1343 3468 constitutioni
1368 3419 1432 3468 strae

364 3507 505 3598 parendo
523 3507 698 3597 perlectum
725 3506 831 3595 aliquo
845 3506 939 3574 modo
952 3504 1033 3574 heri.
1059 3504 1143 3576 Nam
1165 3506 1198 3574 in
1217 3507 1304 3574 nulla
1326 3528 1432 3576 rerum

365 3614 564 3684 institutione
586 3633 650 3684 nou
679 3625 728 3682 est
749 3611 868 3700 aliquid
894 3623 1074 3680 extromum
1098 3624 1130 3681 et
1153 3613 1339 3702 perfectum.
1371 3614 1427 3694 ltu,

366 3721 450 3792 Zeno
466 3721 582 3802 aiebat,
592 3741 649 3790 suu
663 3729 775 3790 statuae
789 3719 934 3808 quaedam
949 3727 998 3786 est
1012 3719 1140 3808 propria
1155 3719 1254 3788 virtus
1266 3730 1300 3789 et
1312 3722 1433 3810 perlec-

367 3825 1432 3917 tio;etquemadoduminvite,sicinpecpdevidemnsnatmamsuo

367 3934 506 4024 quodam
518 3933 850 4022 itinere-perveniread
864 3931 1246 4016 ultimqunamautem
1257 3955 1368 4004 manca
1376 3935 1433 4003 ista

368 4041 739 4130 perfectissimorum
754 4038 956 4112 conferatur!
985 4037 1017 4106 ls
1038 4039 1124 4108 enim
1146 4060 1295 4130 germana
1308 4043 1381 4132 pers
1414 4075 1432 4091 ·

407 4261 440 4338 (r)
454 4265 495 4324 hd
505 4263 641 4326 Lucilium
655 4264 728 4340 Epis.
740 4268 804 4325 tut.
