3192 5475
670 339 852 406 -97..

257 478 311 549 (28)
331 478 425 550 sinici,
436 479 569 537 Plnlinns.
586 510 623 521 -
636 480 714 539 Bulio
729 482 774 541 isli
793 482 891 540 heresi
903 481 1048 554 proximus
1071 489 1123 554 esi,
1137 488 1290 553 praetexens

224 567 307 624 inula
320 568 453 639 temporis
463 568 604 627 notionem
619 584 674 627 non
684 571 808 645 assequi.
822 571 911 645 (llise.
925 587 974 630 sur
985 570 1012 629 la
1022 579 1080 628 nel.
1089 570 1138 627 des
1147 569 1288 639 enimenin,

221 670 248 724 p.
265 655 321 727 55).
339 659 442 714 Tamen
461 659 693 731 adgrediendum
708 674 766 718 non
779 674 896 719 necesse
913 668 954 719 ml
972 660 1107 718 talionem
1119 667 1211 716 molus
1224 672 1291 729 per·

220 753 346 815 spectem
366 745 479 804 habere.
494 750 577 819 lpun
600 748 752 817 Mulierum,
774 748 875 807 lesciva
901 750 1005 807 lamule
1028 748 1139 818 Nimim,
1164 747 1292 819 quemvis

218 832 288 888 antis
298 834 469 905 gladiatorie
483 836 589 909 ignem,
602 844 712 909 praeslel
724 850 754 895 se
767 837 891 895 iordane
908 838 976 893 hero
987 835 1197 905 formidabilem,
1221 834 1290 890 dnm

218 921 335 979 ludicris
358 924 519 983 ermiseum
532 926 658 998 pnnellm
672 926 802 999 inunget.
820 930 878 984 lnm
897 926 1036 983 lordenns
1061 925 1122 997 ipse
1144 924 1287 991 litterani,

217 1026 246 1075 o,
259 1025 287 1081 n,
311 1013 421 1083 quoties
439 1021 619 1086 expresserat,
647 1023 799 1087 antequem
814 1015 841 1071 ei
854 1015 952 1073 liberet
966 1013 1152 1085 philosophie
1166 1011 1290 1071 studium

217 1101 368 1173 attingere!
385 1103 439 1159 hoe
453 1104 521 1161 selis
541 1104 616 1175 apud
630 1103 813 1175 philosophos
839 1103 969 1161 usimlmn
988 1103 1126 1160 ieenllelis
1144 1101 1290 1176 eujusdam

216 1205 303 1247 nsum
313 1205 380 1248 eum
394 1191 564 1249 eonseienlia
576 1199 624 1249 aul
637 1190 801 1263 cognitione
815 1190 1029 1263 diligentissime
1042 1191 1126 1265 liujus
1150 1188 1290 1247 lacunatis

217 1278 400 1337 confundere.

251 1386 306 1459 (29)
326 1387 401 1443 inter
414 1400 461 1443 eos
474 1386 588 1445 edemus
599 1402 688 1446 emens
703 1389 911 1448 annumeranda
932 1396 998 1446 sunl
1018 1387 1141 1459 ingenim
1167 1386 1239 1455 odia,
1260 1394 1287 1443 el

215 1475 300 1533 velull
324 1475 421 1547 palriae
448 1475 601 1533 inimieiliae
624 1491 757 1549 generum
780 1477 968 1549 quorumdem
996 1477 1131 1534 adversus
1162 1475 1225 1547 elie¹
1256 1482 1287 1530 nl

215 1578 318 1622 cenum
334 1565 362 1620 in
382 1565 458 1637 leiim,
474 1572 525 1621 ele.
