3192 5475
769 462 945 529 ..20-

323 599 395 667 dala
409 601 571 670 occasione
586 612 618 669 et
634 604 676 670 ob
689 614 809 673 certam
823 604 916 671 aliam
939 626 1078 687 causam,
1107 606 1315 675 delectantur.
1334 609 1391 679 Ci-

324 706 400 774 bum
409 707 494 775 enim
502 707 608 777 videre
618 720 672 777 aut
682 711 806 778 odorari
818 712 953 799 gaudent
964 733 1059 801 quem
1068 723 1229 801 appetant.
1242 713 1305 781 Ubi
1314 735 1391 783 vero

324 813 472 901 appetitio
484 814 583 896 abest,
598 816 715 882 uullarn
728 837 767 884 ex
780 817 818 883 iis
829 818 975 885 sensibus
984 819 1177 907 voluptatem
1186 820 1325 906 capiunt.
1337 821 1393 888 Sic

320 920 449 1009 jejunus
471 920 565 987 homo
588 932 620 987 et
638 923 824 990 salsamenta
838 924 987 993 libentius
1001 925 1117 1006 olfacit,
1136 926 1291 1013 quamvis,
1307 926 1393 993 lame

324 1026 425 1113 pulsa,
442 1027 570 1093 odorem
585 1026 680 1094 istum
704 1029 843 1117 negligat
865 1031 1029 1097 autetiam
1047 1030 1159 1099 oderit.
1174 1029 1271 1097 Omni
1286 1042 1392 1099 auteur

326 1149 468 1228 tempore
480 1138 585 1205 videre
598 1152 682 1207 arnat
695 1142 833 1211 tabulam
846 1143 928 1211 boue
940 1144 1066 1232 pictam,
1081 1155 1113 1211 et
1127 1164 1274 1211 rosarum
1285 1146 1393 1211 suavi-

324 1254 387 1311 tate
403 1243 474 1309 lrui.
492 1242 574 1325 Quid
590 1246 673 1331 quod
696 1267 809 1315 vocum
828 1258 1000 1317 concentus
1013 1249 1096 1317 illius
1107 1270 1200 1317 aures
1211 1249 1393 1337 gratissime

322 1346 505 1417 demulcet?
518 1347 615 1436 Atqui
630 1351 720 1433 nihil,
738 1353 769 1419 iu
796 1354 896 1421 bestia
909 1356 969 1423 tale
983 1380 990 1436 ;
1004 1376 1065 1423 nec
1076 1356 1193 1423 mirum
1213 1376 1288 1423 vere
1304 1356 1391 1424 euim

323 1454 457 1525 aduertit
466 1453 649 1524 Aristoteles
657 1459 803 1527 audiendi
811 1481 940 1529 sensum
952 1462 1071 1529 morale
1083 1461 1232 1549 quiddam
1242 1462 1275 1528 in
1285 1462 1392 1529 anima

323 1564 447 1633 efficere
467 1559 571 1653 (ἦθος),
595 1586 665 1652 quae
679 1585 730 1633 res
754 1567 838 1634 idem
852 1579 942 1635 sonat
956 1587 1051 1655 quam
1080 1567 1107 1634 si
1134 1567 1218 1636 dicat
1241 1568 1391 1647 audiendi

324 1673 515 1762 voluptatem
525 1673 617 1740 bruta
631 1672 821 1741 desiderare.
838 1672 906 1741 Jam
919 1672 959 1740 de
971 1673 1052 1752 visu,
1068 1671 1194 1739 Tullius
1206 1683 1320 1759 presto
1328 1673 1390 1740 erit

322 1785 501 1862 Aristotelis
515 1790 680 1876 interpres.
704 1787 756 1855 Sic
767 1786 852 1855 enirn
864 1786 974 1856 Cicero
995 1785 1143 1875 disputat,
1157 1786 1224 1854 rias
1235 1786 1390 1874 quasdem

324 1913 394 1962 csse
408 1894 447 1961 ad
462 1915 555 1963 nares
573 1904 605 1962 et
627 1893 734 1961 oculos
756 1903 788 1961 et
809 1893 886 1960 alios
900 1912 1044 1960 seususa
1066 1893 1141 1960 sede
1163 1892 1259 1959 animi
1284 1893 1389 1981 perfo-

326 2011 420 2069 ratas.
447 2000 509 2067 Sed
524 2001 721 2088 voluptatum
736 2019 808 2086 quae
818 1998 994 2066 admirabili
1004 1998 1057 2065 illo
1067 1998 1179 2065 itinere
1192 1997 1233 2065 ad
1246 1997 1388 2065 animum

324 2107 511 2195 perveniunt
525 2126 589 2174 nou
604 2115 651 2173 est
664 2105 802 2174 conditio
816 2106 935 2173 eadem.
966 2104 1047 2173 Nam
1064 2103 1132 2171 aliae
1142 2124 1214 2172 cum
1240 2103 1389 2193 percule-

324 2214 389 2281 rint
403 2213 504 2303 primo
534 2234 658 2294 seusus,
686 2231 873 2301 repercussu
899 2208 1034 2299 quodam
1049 2210 1089 2275 ad
1111 2210 1253 2276 animum
1283 2210 1387 2299 ipsum

322 2329 470 2408 tauquam
484 2319 523 2385 ad
537 2317 732 2407 propositum
758 2317 853 2385 linem
878 2317 1069 2383 referuntur.
1087 2314 1206 2397 Quales
1223 2325 1387 2402 suntgus-

322 2425 421 2508 tandi,
436 2426 613 2507 olfaciendi,
629 2424 776 2492 audiendi
787 2434 820 2491 et
837 2422 988 2512 tangendi
998 2424 1186 2511 voluptates.
1202 2421 1388 2491 lucuuditas

323 2544 428 2601 autem
442 2532 567 2600 ridendi
582 2532 746 2601 oculorum
759 2531 901 2618 ingressa
924 2530 1006 2597 viam
1022 2540 1109 2597 recto
1121 2526 1234 2597 itinere
1259 2528 1298 2595 ad
1312 2528 1385 2593 ani-

323 2667 412 2714 mum
427 2646 540 2727 tondit,
567 2646 610 2712 ita
635 2654 671 2711 ut
694 2665 819 2723 sensus,
845 2643 988 2709 minister
1013 2641 1242 2723 delectationis,
1266 2640 1386 2707 nullam

326 2754 412 2820 illius
423 2765 542 2840 partem
554 2751 613 2819 sibi
630 2751 776 2832 vindicet,
801 2751 856 2818 sed
870 2750 1048 2839 imperatori
1073 2748 1179 2817 auimo
1192 2747 1386 2815 transmittat

325 2860 491 2946 integram.
514 2857 591 2924 lude
615 2857 649 2924 tit
663 2867 698 2923 ut
712 2855 851 2923 hominis
863 2856 1000 2929 animus.
1017 2856 1109 2922 oculo
1117 2875 1220 2943 neque
1228 2855 1386 2922 sentiente

324 2965 497 3052 quidquam
523 2984 627 3051 neque
656 2963 826 3051 gaudente,
848 2962 983 3029 videndo
1011 2962 1076 3050 ipse
1102 2963 1247 3050 gaudeat.
1277 2961 1384 3049 ltaque

324 3070 414 3138 facile
426 3071 581 3158 intelliges
590 3091 647 3137 cur
655 3070 746 3136 bruta
754 3069 895 3137 colorum
907 3067 1141 3156 pulchritudine
1151 3089 1215 3135 nou
1224 3068 1384 3135 mulcean-

324 3185 387 3243 tur.
414 3177 494 3246 Cum
509 3177 593 3244 euim
605 3197 713 3244 eorum
737 3175 842 3242 anima
854 3174 980 3262 gravius
993 3175 1137 3242 demersa
1160 3175 1192 3240 in
1206 3173 1381 3245 materiam.

325 3295 356 3353 et
367 3282 492 3350 arctiori
507 3293 542 3349 ut
554 3283 596 3349 ita
610 3282 711 3350 dicam
726 3281 876 3371 impedita
888 3280 1090 3370 coprrlatione
1102 3280 1253 3369 corporis,
1272 3291 1384 3369 sponte

325 3415 382 3465 sua
397 3397 582 3486 paucissima
597 3398 724 3477 sentiat,
740 3395 825 3463 nulla
837 3397 903 3482 jam
917 3395 1043 3463 uidendi
1055 3404 1214 3463 recreatur
1227 3393 1381 3483 jucundi-

324 3511 402 3584 tate,
430 3502 483 3569 ubi
508 3502 568 3589 ipsi
592 3503 674 3569 oculi
703 3522 766 3569 non
790 3512 973 3569 recreantur
997 3502 1174 3570 titillatione
1201 3501 1379 3589 uoluptatis.

326 3613 408 3677 lleue
420 3608 642 3696 igiturTullius
656 3609 856 3690 existimavit,
865 3607 1072 3676 Aristotelicae
1083 3609 1255 3697 discipliuae
1267 3618 1299 3675 et
1309 3601 1383 3674 ffiei

324 3735 431 3784 rerum
455 3716 636 3790 obsecutus,
663 3735 790 3782 omnem
814 3736 942 3810 sensum
965 3715 1130 3783 homiuum
1141 3716 1385 3784 multoantece-

325 3822 400 3890 dere
411 3821 556 3890 sensibus
566 3821 749 3889 bestiarum.
766 3821 918 3904 Quamvis
942 3823 1026 3890 enim
1050 3823 1153 3911 aquila
1175 3821 1385 3890 remotissima

326 3937 434 3995 cernat
448 3927 606 4010 subtilius,
635 3947 830 4016 nequaquam
857 3929 967 3995 lormae
990 3949 1056 3996 suae
1078 3929 1264 4016 dignitatem
1297 3926 1385 3993 videt

292 4073 297 4082 ·
327 4045 363 4101 ut
381 4035 476 4102 homo
486 4055 585 4102 suam.
600 4035 678 4116 Quae
693 4033 724 4100 in
740 4055 833 4103 sensu
849 4036 1028 4124 pertineant
1040 4037 1080 4103 ad
1099 4057 1213 4124 corpus
1232 4035 1382 4102 latissime

338 4141 485 4210 nterdum
508 4142 657 4229 patercin
670 4141 781 4210 bestiis
794 4143 912 4211 latetur
925 4142 1121 4212 Aristoteles.
1154 4143 1233 4224 Quae
1249 4161 1324 4212 vero
1336 4139 1376 4207 ad
