3192 5475
770 370 947 437 „83-

327 508 481 595 sequitur,
520 512 645 597 quoties
676 512 707 579 id
732 512 857 588 accidit,
884 511 1026 578 animum
1062 511 1132 598 ejus
1157 530 1222 577 llotl
1244 510 1307 597 pati
1337 530 1384 575 so·

328 614 404 695 lunt,
429 616 484 684 sed
499 618 593 685 etiam
607 637 712 705 agere,
725 639 795 706 qum
809 617 983 685 similitudo
1000 618 1031 683 in
1047 617 1157 684 bestiis
1170 636 1233 685 non
1249 626 1384 704 apparet.

370 739 418 805 En
429 739 479 808 his
492 761 563 828 quae
575 762 671 831 snpra
686 742 930 831 disputavimus,
945 741 1053 829 liquet,
1069 741 1249 809 intellectus
1262 738 1389 807 buinani

271 876 274 882 ·
328 865 424 933 opera
437 846 586 935 pleraque
601 848 633 915 in
649 848 725 937 ipsis
750 848 926 937 pecudibus
939 846 1085 927 inveniri,
1100 847 1189 914 rudia
1201 845 1346 935 quamvis
1358 857 1389 911 et

327 972 447 1021 nranca.
475 952 544 1021 Jam
567 953 608 1021 ad
633 953 822 1042 cupiditates
840 953 1039 1033 accedamus,
1055 973 1192 1041 quarum
1226 952 1386 1020 nonnullae

325 1058 357 1124 in
370 1059 467 1127 mutis
482 1062 710 1149 propemodum
722 1062 870 1129 bumanae
880 1061 1039 1129 ridentur.
1054 1059 1125 1129 Nisi
1138 1060 1218 1128 lorte
1225 1071 1387 1147 parentem

321 1164 567 1233 amantissimam
581 1187 645 1235 non
658 1168 773 1235 relernt
784 1167 913 1259 bucula,
931 1187 1002 1256 quae
1014 1165 1149 1235 vitulum
1160 1166 1315 1235 amissum
1335 1164 1386 1233 io-

321 1271 417 1357 quirit
428 1292 500 1340 cum
512 1274 643 1361 gemitu,
658 1294 762 1363 neque
773 1274 852 1362 jam,
868 1273 1026 1342 desiderio
1040 1272 1158 1363 perfixa
1187 1272 1297 1361 prolis,
1329 1272 1387 1337 lae-

325 1376 444 1445 tissima
459 1399 574 1467 pascua
586 1391 687 1461 curat,
701 1382 757 1449 sed
768 1382 880 1449 lectum
892 1381 1056 1449 absentem
1070 1380 1158 1467 luget
1166 1378 1382 1446 insolabiliter.

324 1482 397 1550 Non
417 1485 496 1554 adeo
512 1488 636 1575 uulgata
660 1489 773 1555 caritas
801 1487 853 1553 illa
868 1487 955 1555 canis
969 1507 1052 1575 quae,
1066 1485 1215 1574 scalpello
1239 1485 1384 1563 dissecta,

320 1591 440 1659 mtulos
450 1592 594 1661 admotos
610 1608 755 1681 tanquam
779 1593 811 1659 in
833 1595 1046 1662 levamentum
1066 1593 1196 1672 doloris,
1222 1592 1385 1669 lamberet,

321 1709 415 1785 atque
441 1699 494 1766 ubi
520 1700 777 1783 removebantur,
807 1700 979 1787 ingemeret
1003 1699 1126 1768 llebilis.
1144 1698 1286 1767 Affectus
1314 1696 1390 1764 alios

319 1805 436 1873 nostris
447 1827 537 1894 aeque
548 1807 667 1875 similes
681 1806 858 1875 describere
884 1807 1013 1895 longum
1041 1817 1102 1888 est,
1129 1806 1386 1895 praesertimcnm

320 1931 371 1978 res
385 1932 421 1980 ea
434 1913 597 1981 nonnullis
605 1913 756 2000 jamlocis
770 1922 899 1982 tractata
913 1914 1019 1981 luerit.
1038 1912 1114 1981 ldeo
1128 1914 1228 1980 satius
1238 1911 1384 1977 animad-

319 2029 440 2087 vertere
463 2031 626 2088 mutorum
644 2020 832 2109 cupiditates
857 2041 897 2088 ex
920 2041 1031 2089 eorum
1057 2019 1218 2088 intellectu
1247 2017 1385 2106 pendere

317 2146 555 2214 noqnunquam.
572 2126 706 2195 Omissis
729 2127 815 2195 enim
839 2126 877 2194 iis
894 2127 1138 2195 animimotibos
1152 2127 1191 2193 ad
1212 2146 1293 2213 quos
1313 2124 1385 2191 bes-

318 2232 369 2301 tiae
382 2233 533 2303 instinctu
548 2254 634 2303 cneco
646 2246 767 2301 naturae
780 2234 925 2302 seruntur
937 2232 1018 2323 (ab),
1028 2244 1063 2301 ut
1077 2244 1126 2301 est
1140 2232 1186 2299 ira
1199 2232 1231 2299 in
1248 2233 1384 2310 bostem,

317 2340 454 2429 impetus
469 2340 500 2406 in
522 2342 671 2429 praedam,
686 2340 793 2407 laetitia
816 2352 890 2407 nata
912 2362 930 2409 e
953 2341 1094 2429 corporis
1115 2340 1293 2425 voluptate,
1311 2349 1386 2404 sunt

319 2446 371 2512 alli
390 2436 518 2536 quidam
531 2448 571 2515 ad
583 2447 741 2515 ininorem
749 2448 941 2535 majoremve
953 2446 1153 2535 sagacitatem
1161 2444 1328 2513 referendi.
1341 2444 1385 2511 lta

317 2554 522 2641 elephantus,
535 2554 634 2635 canis
652 2575 754 2642 equus
768 2554 836 2642 ipse
849 2555 949 2621 amari
969 2553 1129 2635 ridentur,
1145 2561 1177 2621 ct
1191 2552 1230 2619 iis
1243 2551 1388 2639 aquibus

315 2660 380 2727 laesi
394 2660 599 2729 suntdiutius
623 2661 750 2743 infensi,
772 2670 901 2750 propter
924 2661 1073 2730 eximiam
1097 2660 1147 2728 vel
1174 2656 1384 2727 remotissima

314 2768 500 2836 recordandi
511 2769 794 2836 facultatemldem
807 2769 846 2836 de
857 2778 947 2856 grato
959 2767 1106 2837 animost
1117 2765 1254 2841 amicitia
1268 2765 1379 2831 dicarn.

316 2874 386 2956 Qua
399 2875 528 2962 quidem
539 2875 645 2943 omnia
658 2873 803 2942 animalia
824 2875 912 2944 canis
936 2876 1022 2943 baud
1045 2873 1111 2944 scio
1134 2893 1176 2940 an
1204 2872 1382 2940 antecellat.

314 2979 396 3047 Nam
411 2982 496 3051 haud
510 2982 609 3050 semel
625 2982 742 3064 evenit,
758 2992 793 3048 ut
807 2981 936 3050 caritate
949 2981 1059 3070 pulsus
1070 2980 1102 3047 in
1125 2981 1328 3048 educatorem
1344 2978 1385 3044 si-

315 3088 381 3154 mul
395 3099 427 3155 et
440 3087 613 3170 intellectu,
639 3087 829 3178 periclitanti
855 3090 932 3157 dum
945 3087 1117 3156 auxiliatur
1133 3141 1139 3168 ,
1158 3086 1257 3154 vitam
1282 3085 1381 3152 dero-

314 3204 395 3276 reat,
423 3206 478 3263 aut
505 3197 532 3264 si
558 3197 639 3265 lortc
654 3196 783 3286 perierit
798 3196 908 3277 herus,
934 3193 1091 3262 desiderio
1110 3214 1185 3262 cum
1209 3204 1241 3260 et
1264 3191 1383 3258 ululatu

314 3313 531 3390 prosequatur.
558 3303 701 3371 Allectus
722 3313 830 3371 autem
849 3301 902 3369 ille
925 3300 1068 3390 ingenito
1082 3299 1179 3389 prolis
1193 3298 1294 3366 amori
1321 3296 1383 3363 mi-

314 3408 399 3476 nime
409 3409 534 3490 similis,
547 3431 611 3478 non
626 3420 765 3478 anatura
780 3409 968 3498 praesertim,
986 3408 1041 3475 sed
1051 3407 1156 3496 potius
1169 3406 1209 3473 ab
1223 3403 1320 3472 animi
1329 3424 1381 3470 sn-

312 3515 445 3602 gncitate
474 3515 695 3604 proficiscitur.
715 3515 993 3598 Quemadmodum
1017 3534 1092 3581 vero
1119 3512 1229 3580 bestiae
1239 3499 1385 3580 sensibus

312 3622 460 3690 humanis
482 3623 664 3711 euprepius
682 3623 849 3705 accedunt,
866 3642 929 3711 quo
948 3619 1112 3688 intellectu
1128 3618 1241 3686 acriori
1262 3617 1380 3705 vigent,

311 3723 354 3794 ita
368 3749 442 3796 enm
453 3729 515 3796 vim
529 3729 660 3798 rationis
672 3738 791 3796 nostrae
802 3727 928 3816 assequi
943 3736 1114 3814 nequeant,
1141 3724 1249 3813 plures
1270 3725 1384 3789 buma-

311 3856 368 3902 nas
381 3835 567 3924 cupiditates
596 3835 778 3925 imperfecte
805 3835 955 3903 relerunt.
971 3833 1048 3900 lnde
1075 3833 1109 3898 nr
1125 3841 1161 3897 ut
1190 3829 1336 3898 homines
1351 3839 1383 3896 ot

312 3942 387 4008 serae
400 3942 554 4030 zelotypia
568 3942 724 4023 laborent,
742 3942 798 4010 sed
813 3942 908 4009 modo
921 3938 1050 4028 dispari.
1068 3937 1218 4024 Reperias
1232 3936 1318 4003 enim
1330 3955 1382 4002 ea-

312 4047 396 4116 tulos
407 4048 474 4136 qui,
492 4049 518 4116 si
526 4048 595 4116 cani
606 4048 659 4116 alii
673 4068 770 4116 manu
785 4047 968 4128 blandiaris,
979 4046 1154 4114 irascantur
1168 4053 1200 4110 et
1214 4043 1380 4132 praelatum
