<?xml version="1.0" encoding="UTF-8"?>
<!DOCTYPE html PUBLIC "-//W3C//DTD XHTML 1.0 Transitional//EN"
    "http://www.w3.org/TR/xhtml1/DTD/xhtml1-transitional.dtd">
<html xmlns="http://www.w3.org/1999/xhtml" xml:lang="en" lang="en">
 <head>
  <title>
</title>
<meta http-equiv="Content-Type" content="text/html;charset=utf-8" />
  <meta name='ocr-system' content='tesseract 3.04.00' />
  <meta name='ocr-capabilities' content='ocr_page ocr_carea ocr_par ocr_line ocrx_word'/>
</head>
<body>
  <div class='ocr_page' id='page_1' title='image "./deanimabrutorum00brgoog_0096.png"; bbox 0 0 3192 5475; ppageno 0'>
   <div class='ocr_carea' id='block_1_1' title="bbox 778 463 955 532">
    <p class='ocr_par' dir='ltr' id='par_1_1' title="bbox 778 463 955 532">
     <span class='ocr_line' id='line_1_1' title="bbox 778 463 955 532; baseline 0.011 -19"><span class='ocrx_word' id='word_1_1' title='bbox 778 463 955 532; x_wconf 81' lang='grc'>...96-</span> 
     </span>
    </p>
   </div>
   <div class='ocr_carea' id='block_1_2' title="bbox 324 604 1394 1835">
    <p class='ocr_par' dir='ltr' id='par_1_2' title="bbox 330 604 1393 857">
     <span class='ocr_line' id='line_1_2' title="bbox 331 604 1393 679; baseline -0.001 -18"><span class='ocrx_word' id='word_1_2' title='bbox 331 610 360 661; x_wconf 83' lang='grc' dir='ltr'><strong>υι</strong></span> <span class='ocrx_word' id='word_1_3' title='bbox 371 604 438 677; x_wconf 82' lang='lat' dir='ltr'><strong>lupi,</strong></span> <span class='ocrx_word' id='word_1_4' title='bbox 452 605 556 676; x_wconf 85' lang='lat' dir='ltr'><strong>vulpes,</strong></span> <span class='ocrx_word' id='word_1_5' title='bbox 575 604 707 673; x_wconf 71' lang='lat' dir='ltr'><strong>tormine,</strong></span> <span class='ocrx_word' id='word_1_6' title='bbox 720 611 849 677; x_wconf 88' lang='lat' dir='ltr'><strong>castores,</strong></span> <span class='ocrx_word' id='word_1_7' title='bbox 869 620 953 677; x_wconf 85' lang='lat' dir='ltr'><strong>grues</strong></span> <span class='ocrx_word' id='word_1_8' title='bbox 962 604 1128 679; x_wconf 54' lang='lat' dir='ltr'><strong>migrantem</strong></span> <span class='ocrx_word' id='word_1_9' title='bbox 1139 608 1188 664; x_wconf 84' lang='lat' dir='ltr'><strong>scd</strong></span> <span class='ocrx_word' id='word_1_10' title='bbox 1202 604 1393 677; x_wconf 86' lang='lat' dir='ltr'><strong>congregatio-</strong></span> 
     </span>
     <span class='ocr_line' id='line_1_3' title="bbox 330 692 1392 767; baseline 0.003 -18"><span class='ocrx_word' id='word_1_11' title='bbox 330 708 377 750; x_wconf 87' lang='lat' dir='ltr'><strong>nes</strong></span> <span class='ocrx_word' id='word_1_12' title='bbox 388 692 442 751; x_wconf 82' lang='lat' dir='ltr'><strong>illae</strong></span> <span class='ocrx_word' id='word_1_13' title='bbox 453 693 567 751; x_wconf 89' lang='lat' dir='ltr'><strong>tortuito</strong></span> <span class='ocrx_word' id='word_1_14' title='bbox 578 693 744 767; x_wconf 82' lang='lat' dir='ltr'><strong>plerumque</strong></span> <span class='ocrx_word' id='word_1_15' title='bbox 762 696 843 764; x_wconf 82' lang='lat' dir='ltr'><strong>dunt,</strong></span> <span class='ocrx_word' id='word_1_16' title='bbox 866 702 894 753; x_wconf 88' lang='lat' dir='ltr'><strong>et</strong></span> <span class='ocrx_word' id='word_1_17' title='bbox 916 695 946 751; x_wconf 93' lang='lat' dir='ltr'><strong>in</strong></span> <span class='ocrx_word' id='word_1_18' title='bbox 959 702 1080 767; x_wconf 89' lang='lat' dir='ltr'><strong>tempus,</strong></span> <span class='ocrx_word' id='word_1_19' title='bbox 1096 694 1241 753; x_wconf 84' lang='lat' dir='ltr'><strong>autetiam</strong></span> <span class='ocrx_word' id='word_1_20' title='bbox 1255 694 1392 765; x_wconf 82' lang='lat' dir='ltr'><strong>exaliquo</strong></span> 
     </span>
     <span class='ocr_line' id='line_1_4' title="bbox 332 782 1392 857; baseline 0 -18"><span class='ocrx_word' id='word_1_21' title='bbox 332 791 439 841; x_wconf 80' lang='lat' dir='ltr'><strong>naturae</strong></span> <span class='ocrx_word' id='word_1_22' title='bbox 451 782 584 840; x_wconf 88' lang='lat' dir='ltr'><strong>instinctu</strong></span> <span class='ocrx_word' id='word_1_23' title='bbox 599 783 758 842; x_wconf 81' lang='lat' dir='ltr'><strong>cfficiuntur</strong></span> <span class='ocrx_word' id='word_1_24' title='bbox 783 800 846 857; x_wconf 79' lang='lat' dir='ltr'><strong>qum</strong></span> <span class='ocrx_word' id='word_1_25' title='bbox 872 784 978 841; x_wconf 84' lang='lat' dir='ltr'><strong>similes</strong></span> <span class='ocrx_word' id='word_1_26' title='bbox 997 784 1142 857; x_wconf 86' lang='lat' dir='ltr'><strong>conjungit</strong></span> <span class='ocrx_word' id='word_1_27' title='bbox 1164 783 1315 841; x_wconf 80' lang='lat' dir='ltr'><strong>similibus.</strong></span> <span class='ocrx_word' id='word_1_28' title='bbox 1343 785 1392 840; x_wconf 87' lang='lat' dir='ltr'><strong>Sed</strong></span> 
     </span>
    </p>

    <p class='ocr_par' dir='ltr' id='par_1_3' title="bbox 326 872 1394 1198">
     <span class='ocr_line' id='line_1_5' title="bbox 365 872 1394 945; baseline 0.002 -16"><span class='ocrx_word' id='word_1_29' title='bbox 365 872 419 943; x_wconf 80' lang='lat' dir='ltr'><strong>(it)</strong></span> <span class='ocrx_word' id='word_1_30' title='bbox 440 872 578 930; x_wconf 88' lang='lat' dir='ltr'><strong>Nonnulla</strong></span> <span class='ocrx_word' id='word_1_31' title='bbox 589 872 772 931; x_wconf 89' lang='lat' dir='ltr'><strong>animantium</strong></span> <span class='ocrx_word' id='word_1_32' title='bbox 784 887 886 945; x_wconf 86' lang='lat' dir='ltr'><strong>genera</strong></span> <span class='ocrx_word' id='word_1_33' title='bbox 899 874 1045 931; x_wconf 76' lang='lat' dir='ltr'><strong>societates</strong></span> <span class='ocrx_word' id='word_1_34' title='bbox 1057 872 1164 944; x_wconf 84' lang='lat' dir='ltr'><strong>ineunt,</strong></span> <span class='ocrx_word' id='word_1_35' title='bbox 1178 873 1303 931; x_wconf 91' lang='lat' dir='ltr'><strong>utilitatis</strong></span> <span class='ocrx_word' id='word_1_36' title='bbox 1313 887 1394 931; x_wconf 80' lang='lat' dir='ltr'><strong>eausa</strong></span> 
     </span>
     <span class='ocr_line' id='line_1_6' title="bbox 328 960 1391 1035; baseline -0.003 -16"><span class='ocrx_word' id='word_1_37' title='bbox 328 961 461 1020; x_wconf 85' lang='lat' dir='ltr'><strong>animales</strong></span> <span class='ocrx_word' id='word_1_38' title='bbox 473 961 531 1019; x_wconf 73' lang='lat' dir='ltr'><strong>istoc</strong></span> <span class='ocrx_word' id='word_1_39' title='bbox 545 960 747 1017; x_wconf 81' lang='lat' dir='ltr'><strong>Hnmoeomerioe</strong></span> <span class='ocrx_word' id='word_1_40' title='bbox 762 960 844 1035; x_wconf 87' lang='lat' dir='ltr'><strong>(absit</strong></span> <span class='ocrx_word' id='word_1_41' title='bbox 861 963 944 1020; x_wconf 87' lang='lat' dir='ltr'><strong>verbo</strong></span> <span class='ocrx_word' id='word_1_42' title='bbox 956 961 1086 1020; x_wconf 78' lang='lat' dir='ltr'><strong>insolenti</strong></span> <span class='ocrx_word' id='word_1_43' title='bbox 1097 960 1210 1033; x_wconf 85' lang='lat' dir='ltr'><strong>invidia)</strong></span> <span class='ocrx_word' id='word_1_44' title='bbox 1233 968 1264 1019; x_wconf 94' lang='lat' dir='ltr'><strong>ut</strong></span> <span class='ocrx_word' id='word_1_45' title='bbox 1278 961 1391 1032; x_wconf 84' lang='lat' dir='ltr'><strong>piscium</strong></span> 
     </span>
     <span class='ocr_line' id='line_1_7' title="bbox 326 1050 1393 1124; baseline 0 -18"><span class='ocrx_word' id='word_1_46' title='bbox 326 1064 412 1122; x_wconf 80' lang='lat' dir='ltr'><strong>grege</strong></span> <span class='ocrx_word' id='word_1_47' title='bbox 427 1050 497 1109; x_wconf 89' lang='lat' dir='ltr'><strong>lacto</strong></span> <span class='ocrx_word' id='word_1_48' title='bbox 513 1065 562 1123; x_wconf 89' lang='lat' dir='ltr'><strong>per</strong></span> <span class='ocrx_word' id='word_1_49' title='bbox 576 1064 652 1107; x_wconf 88' lang='lat' dir='ltr'><strong>marc</strong></span> <span class='ocrx_word' id='word_1_50' title='bbox 666 1051 835 1123; x_wconf 79' lang='lat' dir='ltr'><strong>vagantium,</strong></span> <span class='ocrx_word' id='word_1_51' title='bbox 850 1066 935 1124; x_wconf 82' lang='lat' dir='ltr'><strong>quam</strong></span> <span class='ocrx_word' id='word_1_52' title='bbox 945 1051 1077 1109; x_wconf 85' lang='lat' dir='ltr'><strong>exhibent</strong></span> <span class='ocrx_word' id='word_1_53' title='bbox 1090 1066 1155 1109; x_wconf 90' lang='lat' dir='ltr'><strong>cum</strong></span> <span class='ocrx_word' id='word_1_54' title='bbox 1170 1050 1300 1109; x_wconf 88' lang='lat' dir='ltr'><strong>humanis</strong></span> <span class='ocrx_word' id='word_1_55' title='bbox 1310 1050 1393 1107; x_wconf 80' lang='lat' dir='ltr'><strong>socie</strong></span> 
     </span>
     <span class='ocr_line' id='line_1_8' title="bbox 328 1138 678 1198; baseline -0.006 -1"><span class='ocrx_word' id='word_1_56' title='bbox 328 1140 430 1197; x_wconf 87' lang='lat' dir='ltr'><strong>tatibus</strong></span> <span class='ocrx_word' id='word_1_57' title='bbox 441 1138 678 1198; x_wconf 79' lang='lat' dir='ltr'><strong>similitudinem?</strong></span> 
     </span>
    </p>

    <p class='ocr_par' dir='ltr' id='par_1_4' title="bbox 327 1227 1393 1390">
     <span class='ocr_line' id='line_1_9' title="bbox 364 1227 1393 1301; baseline -0.002 -16"><span class='ocrx_word' id='word_1_58' title='bbox 364 1228 417 1300; x_wconf 67' lang='lat' dir='ltr'><strong>(tel</strong></span> <span class='ocrx_word' id='word_1_59' title='bbox 437 1228 511 1286; x_wconf 81' lang='lat' dir='ltr'><strong>Beati</strong></span> <span class='ocrx_word' id='word_1_60' title='bbox 524 1235 589 1286; x_wconf 87' lang='lat' dir='ltr'><strong>sunt</strong></span> <span class='ocrx_word' id='word_1_61' title='bbox 601 1228 719 1286; x_wconf 81' lang='lat' dir='ltr'><strong>infantes</strong></span> <span class='ocrx_word' id='word_1_62' title='bbox 742 1234 769 1285; x_wconf 91' lang='lat' dir='ltr'><strong>el</strong></span> <span class='ocrx_word' id='word_1_63' title='bbox 783 1228 875 1301; x_wconf 88' lang='lat' dir='ltr'><strong>pueri,</strong></span> <span class='ocrx_word' id='word_1_64' title='bbox 891 1228 956 1300; x_wconf 86' lang='lat' dir='ltr'><strong>quia</strong></span> <span class='ocrx_word' id='word_1_65' title='bbox 981 1242 1035 1286; x_wconf 91' lang='lat' dir='ltr'><strong>non</strong></span> <span class='ocrx_word' id='word_1_66' title='bbox 1064 1227 1183 1287; x_wconf 89' lang='lat' dir='ltr'><strong>multum</strong></span> <span class='ocrx_word' id='word_1_67' title='bbox 1209 1228 1295 1286; x_wconf 91' lang='lat' dir='ltr'><strong>animi</strong></span> <span class='ocrx_word' id='word_1_68' title='bbox 1315 1227 1393 1285; x_wconf 84' lang='lat' dir='ltr'><strong>variis</strong></span> 
     </span>
     <span class='ocr_line' id='line_1_10' title="bbox 327 1318 692 1390; baseline 0 -15"><span class='ocrx_word' id='word_1_69' title='bbox 327 1318 542 1390; x_wconf 89' lang='lat' dir='ltr'><strong>aegritudinibus</strong></span> <span class='ocrx_word' id='word_1_70' title='bbox 556 1318 692 1376; x_wconf 89' lang='lat' dir='ltr'><strong>laborant.</strong></span> 
     </span>
    </p>

    <p class='ocr_par' dir='ltr' id='par_1_5' title="bbox 329 1405 1392 1553">
     <span class='ocr_line' id='line_1_11' title="bbox 365 1405 1392 1479; baseline 0 -18"><span class='ocrx_word' id='word_1_71' title='bbox 365 1407 417 1479; x_wconf 67' lang='lat' dir='ltr'><strong>(aa)</strong></span> <span class='ocrx_word' id='word_1_72' title='bbox 436 1406 607 1479; x_wconf 82' lang='lat' dir='ltr'><strong>dplovisque</strong></span> <span class='ocrx_word' id='word_1_73' title='bbox 620 1406 758 1464; x_wconf 86' lang='lat' dir='ltr'><strong>veteribus</strong></span> <span class='ocrx_word' id='word_1_74' title='bbox 773 1405 956 1479; x_wconf 81' lang='lat' dir='ltr'><strong>philosophis,</strong></span> <span class='ocrx_word' id='word_1_75' title='bbox 974 1406 1107 1465; x_wconf 89' lang='lat' dir='ltr'><strong>nedicam</strong></span> <span class='ocrx_word' id='word_1_76' title='bbox 1118 1406 1334 1471; x_wconf 84' lang='lat' dir='ltr'><strong>omnibusmale</strong></span> <span class='ocrx_word' id='word_1_77' title='bbox 1345 1406 1392 1462; x_wconf 91' lang='lat' dir='ltr'><strong>dc-</strong></span> 
     </span>
     <span class='ocr_line' id='line_1_12' title="bbox 329 1494 598 1553; baseline -0.011 0"><span class='ocrx_word' id='word_1_78' title='bbox 329 1496 406 1553; x_wconf 91' lang='lat' dir='ltr'><strong>liuita</strong></span> <span class='ocrx_word' id='word_1_79' title='bbox 421 1494 533 1553; x_wconf 89' lang='lat' dir='ltr'><strong>libertas</strong></span> <span class='ocrx_word' id='word_1_80' title='bbox 548 1504 598 1553; x_wconf 88' lang='lat' dir='ltr'><strong>ost.</strong></span> 
     </span>
    </p>

    <p class='ocr_par' dir='ltr' id='par_1_6' title="bbox 324 1584 1392 1835">
     <span class='ocr_line' id='line_1_13' title="bbox 364 1584 1391 1659; baseline -0.004 -17"><span class='ocrx_word' id='word_1_81' title='bbox 364 1584 416 1659; x_wconf 75' lang='lat' dir='ltr'><strong>(it)</strong></span> <span class='ocrx_word' id='word_1_82' title='bbox 437 1588 489 1642; x_wconf 88' lang='lat' dir='ltr'><strong>Per</strong></span> <span class='ocrx_word' id='word_1_83' title='bbox 498 1586 594 1657; x_wconf 72' lang='lat' dir='ltr'><strong>iocum</strong></span> <span class='ocrx_word' id='word_1_84' title='bbox 607 1585 711 1642; x_wconf 91' lang='lat' dir='ltr'><strong>lacetus</strong></span> <span class='ocrx_word' id='word_1_85' title='bbox 720 1586 835 1659; x_wconf 88' lang='lat' dir='ltr'><strong>quidam</strong></span> <span class='ocrx_word' id='word_1_86' title='bbox 848 1594 944 1643; x_wconf 90' lang='lat' dir='ltr'><strong>auctor</strong></span> <span class='ocrx_word' id='word_1_87' title='bbox 957 1600 1030 1641; x_wconf 88' lang='lat' dir='ltr'><strong>anno</strong></span> <span class='ocrx_word' id='word_1_88' title='bbox 1045 1588 1126 1656; x_wconf 79' lang='lat'><strong>⁴750,</strong></span> <span class='ocrx_word' id='word_1_89' title='bbox 1135 1585 1321 1641; x_wconf 90' lang='lat' dir='ltr'><strong>demonstrare</strong></span> <span class='ocrx_word' id='word_1_90' title='bbox 1336 1590 1391 1640; x_wconf 86' lang='lat' dir='ltr'><strong>ten-</strong></span> 
     </span>
     <span class='ocr_line' id='line_1_14' title="bbox 324 1672 1392 1747; baseline -0.005 -15"><span class='ocrx_word' id='word_1_91' title='bbox 324 1673 391 1732; x_wconf 82' lang='lat' dir='ltr'><strong>tavit</strong></span> <span class='ocrx_word' id='word_1_92' title='bbox 407 1690 456 1744; x_wconf 87' lang='lat' dir='ltr'><strong>per</strong></span> <span class='ocrx_word' id='word_1_93' title='bbox 473 1673 612 1729; x_wconf 77' lang='lat' dir='ltr'><strong>Daemones</strong></span> <span class='ocrx_word' id='word_1_94' title='bbox 635 1673 680 1742; x_wconf 82' lang='lat' dir='ltr'><strong>agi</strong></span> <span class='ocrx_word' id='word_1_95' title='bbox 699 1674 838 1747; x_wconf 84' lang='lat' dir='ltr'><strong>quidquid</strong></span> <span class='ocrx_word' id='word_1_96' title='bbox 858 1674 886 1731; x_wconf 92' lang='lat' dir='ltr'><strong>in</strong></span> <span class='ocrx_word' id='word_1_97' title='bbox 900 1674 989 1731; x_wconf 89' lang='lat' dir='ltr'><strong>brutis</strong></span> <span class='ocrx_word' id='word_1_98' title='bbox 1003 1673 1106 1747; x_wconf 85' lang='lat' dir='ltr'><strong>agitur,</strong></span> <span class='ocrx_word' id='word_1_99' title='bbox 1122 1674 1211 1746; x_wconf 83' lang='lat' dir='ltr'><strong>iisque</strong></span> <span class='ocrx_word' id='word_1_100' title='bbox 1222 1672 1392 1729; x_wconf 76' lang='lat' dir='ltr'><strong>demonibus</strong></span> 
     </span>
     <span class='ocr_line' id='line_1_15' title="bbox 326 1760 1391 1835; baseline -0.006 -14"><span class='ocrx_word' id='word_1_101' title='bbox 326 1763 518 1833; x_wconf 81' lang='lat' dir='ltr'><strong>adscribenda,</strong></span> <span class='ocrx_word' id='word_1_102' title='bbox 530 1762 553 1818; x_wconf 91' lang='lat' dir='ltr'><strong>si</strong></span> <span class='ocrx_word' id='word_1_103' title='bbox 567 1776 621 1835; x_wconf 86' lang='lat' dir='ltr'><strong>qua</strong></span> <span class='ocrx_word' id='word_1_104' title='bbox 633 1760 707 1835; x_wconf 92' lang='lat' dir='ltr'><strong>apud</strong></span> <span class='ocrx_word' id='word_1_105' title='bbox 722 1778 753 1819; x_wconf 92' lang='lat' dir='ltr'><strong>ea</strong></span> <span class='ocrx_word' id='word_1_106' title='bbox 765 1762 979 1835; x_wconf 76' lang='lat' dir='ltr'><strong>intelligentiam</strong></span> <span class='ocrx_word' id='word_1_107' title='bbox 990 1762 1141 1819; x_wconf 89' lang='lat' dir='ltr'><strong>humanam</strong></span> <span class='ocrx_word' id='word_1_108' title='bbox 1156 1762 1295 1832; x_wconf 89' lang='lat' dir='ltr'><strong>reicrunt;</strong></span> <span class='ocrx_word' id='word_1_109' title='bbox 1313 1760 1349 1816; x_wconf 88' lang='lat' dir='ltr'><strong>ita</strong></span> <span class='ocrx_word' id='word_1_110' title='bbox 1362 1766 1391 1816; x_wconf 92' lang='lat' dir='ltr'><strong>ut</strong></span> 
     </span>
    </p>
   </div>
   <div class='ocr_carea' id='block_1_3' title="bbox 325 1936 1390 2086">
    <p class='ocr_par' dir='ltr' id='par_1_7' title="bbox 325 1936 1390 2086">
     <span class='ocr_line' id='line_1_16' title="bbox 325 1936 1390 2012; baseline -0.003 -16"><span class='ocrx_word' id='word_1_111' title='bbox 325 1940 414 2011; x_wconf 92' lang='lat' dir='ltr'><strong>magis</strong></span> <span class='ocrx_word' id='word_1_112' title='bbox 435 1938 585 2011; x_wconf 88' lang='lat' dir='ltr'><strong>ingeniosis</strong></span> <span class='ocrx_word' id='word_1_113' title='bbox 605 1939 750 2011; x_wconf 87' lang='lat' dir='ltr'><strong>excellere,</strong></span> <span class='ocrx_word' id='word_1_114' title='bbox 765 1953 830 1997; x_wconf 90' lang='lat' dir='ltr'><strong>cum</strong></span> <span class='ocrx_word' id='word_1_115' title='bbox 849 1941 885 1998; x_wconf 89' lang='lat' dir='ltr'><strong>ab</strong></span> <span class='ocrx_word' id='word_1_116' title='bbox 898 1938 1123 2012; x_wconf 89' lang='lat' dir='ltr'><strong>ingeniosissimo</strong></span> <span class='ocrx_word' id='word_1_117' title='bbox 1138 1938 1266 1995; x_wconf 89' lang='lat' dir='ltr'><strong>omnium</strong></span> <span class='ocrx_word' id='word_1_118' title='bbox 1281 1936 1390 1995; x_wconf 82' lang='lat' dir='ltr'><strong>biabolo</strong></span> 
     </span>
     <span class='ocr_line' id='line_1_17' title="bbox 327 2028 575 2086; baseline 0.008 -3"><span class='ocrx_word' id='word_1_119' title='bbox 327 2029 400 2085; x_wconf 90' lang='lat' dir='ltr'><strong>intus</strong></span> <span class='ocrx_word' id='word_1_120' title='bbox 415 2028 575 2086; x_wconf 81' lang='lat' dir='ltr'><strong>incitentur.</strong></span> 
     </span>
    </p>
   </div>
   <div class='ocr_carea' id='block_1_4' title="bbox 324 2131 1390 2830">
    <p class='ocr_par' dir='ltr' id='par_1_8' title="bbox 324 2131 1390 2563">
     <span class='ocr_line' id='line_1_18' title="bbox 362 2131 1390 2209; baseline -0.008 -15"><span class='ocrx_word' id='word_1_121' title='bbox 362 2135 415 2209; x_wconf 68' lang='grc' dir='ltr'><strong>(ἳὸ)</strong></span> <span class='ocrx_word' id='word_1_122' title='bbox 437 2140 557 2209; x_wconf 85' lang='lat' dir='ltr'><strong>Lorsque</strong></span> <span class='ocrx_word' id='word_1_123' title='bbox 572 2136 641 2193; x_wconf 85' lang='lat' dir='ltr'><strong>Dieu</strong></span> <span class='ocrx_word' id='word_1_124' title='bbox 654 2136 744 2194; x_wconf 84' lang='lat' dir='ltr'><strong>rctrdit</strong></span> <span class='ocrx_word' id='word_1_125' title='bbox 758 2137 849 2194; x_wconf 89' lang='lat' dir='ltr'><strong>raison</strong></span> <span class='ocrx_word' id='word_1_126' title='bbox 860 2152 896 2193; x_wconf 91' lang='lat' dir='ltr'><strong>au</strong></span> <span class='ocrx_word' id='word_1_127' title='bbox 913 2136 1048 2209; x_wconf 80' lang='lat' dir='ltr'><strong>Propbdte</strong></span> <span class='ocrx_word' id='word_1_128' title='bbox 1061 2139 1144 2193; x_wconf 88' lang='lat' dir='ltr'><strong>lonas</strong></span> <span class='ocrx_word' id='word_1_129' title='bbox 1155 2136 1193 2192; x_wconf 92' lang='lat' dir='ltr'><strong>du</strong></span> <span class='ocrx_word' id='word_1_130' title='bbox 1209 2134 1314 2206; x_wconf 86' lang='lat' dir='ltr'><strong>pardon</strong></span> <span class='ocrx_word' id='word_1_131' title='bbox 1326 2131 1390 2204; x_wconf 83' lang='lat' dir='ltr'><strong>qu&#39;il</strong></span> 
     </span>
     <span class='ocr_line' id='line_1_19' title="bbox 326 2220 1390 2293; baseline -0.007 -12"><span class='ocrx_word' id='word_1_132' title='bbox 326 2225 399 2283; x_wconf 87' lang='lat' dir='ltr'><strong>avait</strong></span> <span class='ocrx_word' id='word_1_133' title='bbox 412 2224 529 2283; x_wconf 91' lang='lat' dir='ltr'><strong>accorde&#39;</strong></span> <span class='ocrx_word' id='word_1_134' title='bbox 543 2238 597 2283; x_wconf 84' lang='lat' dir='ltr'><strong>aux</strong></span> <span class='ocrx_word' id='word_1_135' title='bbox 613 2226 752 2283; x_wconf 88' lang='lat' dir='ltr'><strong>habitants</strong></span> <span class='ocrx_word' id='word_1_136' title='bbox 771 2226 807 2283; x_wconf 89' lang='lat' dir='ltr'><strong>de</strong></span> <span class='ocrx_word' id='word_1_137' title='bbox 818 2225 928 2293; x_wconf 86' lang='lat' dir='ltr'><strong>Ninive,</strong></span> <span class='ocrx_word' id='word_1_138' title='bbox 945 2224 966 2281; x_wconf 90' lang='lat' dir='ltr'><strong>il</strong></span> <span class='ocrx_word' id='word_1_139' title='bbox 982 2225 1082 2281; x_wconf 89' lang='lat' dir='ltr'><strong>toucha</strong></span> <span class='ocrx_word' id='word_1_140' title='bbox 1098 2222 1189 2280; x_wconf 74' lang='lat' dir='ltr'><strong>meme</strong></span> <span class='ocrx_word' id='word_1_141' title='bbox 1211 2221 1328 2280; x_wconf 76' lang='lat' dir='ltr'><strong>l’interct</strong></span> <span class='ocrx_word' id='word_1_142' title='bbox 1345 2220 1390 2275; x_wconf 88' lang='lat' dir='ltr'><strong>des</strong></span> 
     </span>
     <span class='ocr_line' id='line_1_20' title="bbox 325 2312 1389 2387; baseline -0.008 -17"><span class='ocrx_word' id='word_1_143' title='bbox 325 2312 401 2371; x_wconf 73' lang='lat' dir='ltr'><strong>bites</strong></span> <span class='ocrx_word' id='word_1_144' title='bbox 416 2312 602 2385; x_wconf 87' lang='lat' dir='ltr'><strong>quiauraioul</strong></span> <span class='ocrx_word' id='word_1_145' title='bbox 620 2312 662 2371; x_wconf 78' lang='lat' dir='ltr'><strong>ele</strong></span> <span class='ocrx_word' id='word_1_146' title='bbox 684 2313 867 2387; x_wconf 78' lang='lat' dir='ltr'><strong>envcloppdes</strong></span> <span class='ocrx_word' id='word_1_147' title='bbox 890 2313 960 2369; x_wconf 88' lang='lat' dir='ltr'><strong>daus</strong></span> <span class='ocrx_word' id='word_1_148' title='bbox 983 2312 1008 2369; x_wconf 93' lang='lat' dir='ltr'><strong>le</strong></span> <span class='ocrx_word' id='word_1_149' title='bbox 1029 2317 1234 2369; x_wconf 79' lang='lat' dir='ltr'><strong>cenversemont</strong></span> <span class='ocrx_word' id='word_1_150' title='bbox 1259 2312 1297 2367; x_wconf 89' lang='lat' dir='ltr'><strong>dn</strong></span> <span class='ocrx_word' id='word_1_151' title='bbox 1322 2314 1389 2364; x_wconf 90' lang='lat' dir='ltr'><strong>celte</strong></span> 
     </span>
     <span class='ocr_line' id='line_1_21' title="bbox 325 2397 1389 2472; baseline -0.007 -15"><span class='ocrx_word' id='word_1_152' title='bbox 325 2402 431 2472; x_wconf 77' lang='lat' dir='ltr'><strong>grande</strong></span> <span class='ocrx_word' id='word_1_153' title='bbox 445 2402 519 2459; x_wconf 88' lang='lat' dir='ltr'><strong>ville.</strong></span> <span class='ocrx_word' id='word_1_154' title='bbox 535 2404 647 2457; x_wconf 70' lang='lat' dir='ltr'><strong>Aucunc</strong></span> <span class='ocrx_word' id='word_1_155' title='bbox 659 2402 803 2459; x_wconf 80' lang='lat' dir='ltr'><strong>substance</strong></span> <span class='ocrx_word' id='word_1_156' title='bbox 830 2404 898 2457; x_wconf 82' lang='lat' dir='ltr'><strong>n’eal</strong></span> <span class='ocrx_word' id='word_1_157' title='bbox 921 2400 1092 2456; x_wconf 83' lang='lat' dir='ltr'><strong>ubsolumenl</strong></span> <span class='ocrx_word' id='word_1_158' title='bbox 1105 2397 1272 2471; x_wconf 69' lang='lat' dir='ltr'><strong>mdprr&#39;soble</strong></span> <span class='ocrx_word' id='word_1_159' title='bbox 1285 2398 1316 2452; x_wconf 82' lang='lat' dir='ltr'><strong>ni</strong></span> <span class='ocrx_word' id='word_1_160' title='bbox 1329 2397 1389 2468; x_wconf 68' lang='lat' dir='ltr'><strong>prt-</strong></span> 
     </span>
     <span class='ocr_line' id='line_1_22' title="bbox 324 2490 1036 2563; baseline 0 -19"><span class='ocrx_word' id='word_1_161' title='bbox 324 2491 414 2547; x_wconf 78' lang='lat' dir='ltr'><strong>ct&#39;cuse</strong></span> <span class='ocrx_word' id='word_1_162' title='bbox 427 2490 525 2546; x_wconf 62' lang='lat' dir='ltr'><strong>dealem</strong></span> <span class='ocrx_word' id='word_1_163' title='bbox 540 2492 618 2549; x_wconf 80' lang='lat' dir='ltr'><strong>Dicar.</strong></span> <span class='ocrx_word' id='word_1_164' title='bbox 635 2512 647 2543; x_wconf 83' lang='lat' dir='ltr'><strong>n</strong></span> <span class='ocrx_word' id='word_1_165' title='bbox 662 2491 796 2563; x_wconf 76' lang='lat' dir='ltr'><strong>leibnitz,</strong></span> <span class='ocrx_word' id='word_1_166' title='bbox 809 2490 912 2549; x_wconf 78' lang='lat' dir='ltr'><strong>Theoi.</strong></span> <span class='ocrx_word' id='word_1_167' title='bbox 930 2505 957 2561; x_wconf 87' lang='lat' dir='ltr'><strong>p.</strong></span> <span class='ocrx_word' id='word_1_168' title='bbox 976 2490 1036 2545; x_wconf 72' lang='lat' dir='ltr'><strong>tbi.</strong></span> 
     </span>
    </p>

    <p class='ocr_par' dir='ltr' id='par_1_9' title="bbox 326 2576 1389 2830">
     <span class='ocr_line' id='line_1_23' title="bbox 360 2576 1386 2653; baseline -0.008 -17"><span class='ocrx_word' id='word_1_169' title='bbox 360 2580 388 2636; x_wconf 89' lang='lat' dir='ltr'><strong>Si</strong></span> <span class='ocrx_word' id='word_1_170' title='bbox 399 2580 447 2637; x_wconf 92' lang='lat' dir='ltr'><strong>libi</strong></span> <span class='ocrx_word' id='word_1_171' title='bbox 459 2580 531 2637; x_wconf 87' lang='lat' dir='ltr'><strong>scire</strong></span> <span class='ocrx_word' id='word_1_172' title='bbox 545 2581 702 2653; x_wconf 87' lang='lat' dir='ltr'><strong>placetque</strong></span> <span class='ocrx_word' id='word_1_173' title='bbox 714 2580 797 2637; x_wconf 90' lang='lat' dir='ltr'><strong>modo</strong></span> <span class='ocrx_word' id='word_1_174' title='bbox 812 2580 891 2636; x_wconf 92' lang='lat' dir='ltr'><strong>bruta</strong></span> <span class='ocrx_word' id='word_1_175' title='bbox 907 2579 936 2634; x_wconf 89' lang='lat' dir='ltr'><strong>in</strong></span> <span class='ocrx_word' id='word_1_176' title='bbox 953 2578 1037 2635; x_wconf 89' lang='lat' dir='ltr'><strong>sacris</strong></span> <span class='ocrx_word' id='word_1_177' title='bbox 1050 2576 1195 2634; x_wconf 89' lang='lat' dir='ltr'><strong>codicibus</strong></span> <span class='ocrx_word' id='word_1_178' title='bbox 1209 2576 1386 2632; x_wconf 69' lang='lat' dir='ltr'><strong>estimantur.</strong></span> 
     </span>
     <span class='ocr_line' id='line_1_24' title="bbox 326 2665 1389 2742; baseline -0.005 -19"><span class='ocrx_word' id='word_1_179' title='bbox 326 2670 386 2725; x_wconf 86' lang='lat' dir='ltr'><strong>vide</strong></span> <span class='ocrx_word' id='word_1_180' title='bbox 400 2667 553 2726; x_wconf 87' lang='lat' dir='ltr'><strong>Voltarium</strong></span> <span class='ocrx_word' id='word_1_181' title='bbox 569 2668 616 2742; x_wconf 84' lang='lat' dir='ltr'><strong>(Le</strong></span> <span class='ocrx_word' id='word_1_182' title='bbox 631 2668 698 2726; x_wconf 85' lang='lat' dir='ltr'><strong>Lion</strong></span> <span class='ocrx_word' id='word_1_183' title='bbox 713 2677 740 2727; x_wconf 87' lang='lat' dir='ltr'><strong>ot</strong></span> <span class='ocrx_word' id='word_1_184' title='bbox 762 2668 788 2725; x_wconf 89' lang='lat' dir='ltr'><strong>le</strong></span> <span class='ocrx_word' id='word_1_185' title='bbox 808 2667 992 2740; x_wconf 78' lang='lat' dir='ltr'><strong>llarseillaisl,</strong></span> <span class='ocrx_word' id='word_1_186' title='bbox 1016 2682 1124 2723; x_wconf 91' lang='lat' dir='ltr'><strong>neonou</strong></span> <span class='ocrx_word' id='word_1_187' title='bbox 1149 2675 1176 2723; x_wconf 89' lang='lat' dir='ltr'><strong>el</strong></span> <span class='ocrx_word' id='word_1_188' title='bbox 1200 2665 1310 2723; x_wconf 91' lang='lat' dir='ltr'><strong>notulas</strong></span> <span class='ocrx_word' id='word_1_189' title='bbox 1333 2665 1389 2737; x_wconf 77' lang='lat' dir='ltr'><strong>ejvrs</strong></span> 
     </span>
     <span class='ocr_line' id='line_1_25' title="bbox 326 2757 809 2830; baseline 0.002 -17"><span class='ocrx_word' id='word_1_190' title='bbox 326 2757 432 2814; x_wconf 82' lang='lat' dir='ltr'><strong>tabella</strong></span> <span class='ocrx_word' id='word_1_191' title='bbox 446 2757 522 2814; x_wconf 89' lang='lat' dir='ltr'><strong>bauti</strong></span> <span class='ocrx_word' id='word_1_192' title='bbox 537 2757 668 2829; x_wconf 84' lang='lat' dir='ltr'><strong>indignas</strong></span> <span class='ocrx_word' id='word_1_193' title='bbox 682 2758 809 2830; x_wconf 87' lang='lat' dir='ltr'><strong>cognitu.</strong></span> 
     </span>
    </p>
   </div>
   <div class='ocr_carea' id='block_1_5' title="bbox 315 2860 1391 3994">
    <p class='ocr_par' dir='ltr' id='par_1_10' title="bbox 315 2860 1391 3994">
     <span class='ocr_line' id='line_1_26' title="bbox 361 2860 1389 2936; baseline -0.006 -16"><span class='ocrx_word' id='word_1_194' title='bbox 361 2865 400 2935; x_wconf 86' lang='lat' dir='ltr'><strong>(P.</strong></span> <span class='ocrx_word' id='word_1_195' title='bbox 410 2866 456 2935; x_wconf 81' lang='lat' dir='ltr'><strong>tl,</strong></span> <span class='ocrx_word' id='word_1_196' title='bbox 471 2864 491 2920; x_wconf 90' lang='lat' dir='ltr'><strong>l.</strong></span> <span class='ocrx_word' id='word_1_197' title='bbox 505 2863 548 2933; x_wconf 75' lang='lat' dir='ltr'><strong>td)</strong></span> <span class='ocrx_word' id='word_1_198' title='bbox 570 2885 581 2915; x_wconf 81' lang='lat' dir='ltr'><strong>v</strong></span> <span class='ocrx_word' id='word_1_199' title='bbox 596 2872 654 2922; x_wconf 92' lang='lat' dir='ltr'><strong>lum</strong></span> <span class='ocrx_word' id='word_1_200' title='bbox 666 2865 731 2936; x_wconf 75' lang='lat' dir='ltr'><strong>oum</strong></span> <span class='ocrx_word' id='word_1_201' title='bbox 742 2864 854 2922; x_wconf 76' lang='lat' dir='ltr'><strong>intense</strong></span> <span class='ocrx_word' id='word_1_202' title='bbox 869 2879 919 2922; x_wconf 91' lang='lat' dir='ltr'><strong>sua</strong></span> <span class='ocrx_word' id='word_1_203' title='bbox 929 2864 1097 2936; x_wconf 79' lang='lat' dir='ltr'><strong>significent.</strong></span> <span class='ocrx_word' id='word_1_204' title='bbox 1112 2871 1174 2920; x_wconf 89' lang='lat' dir='ltr'><strong>tum</strong></span> <span class='ocrx_word' id='word_1_205' title='bbox 1185 2863 1253 2935; x_wconf 84' lang='lat' dir='ltr'><strong>quia</strong></span> <span class='ocrx_word' id='word_1_206' title='bbox 1267 2860 1389 2932; x_wconf 81' lang='lat' dir='ltr'><strong>diligenti</strong></span> 
     </span>
     <span class='ocr_line' id='line_1_27' title="bbox 324 2951 1391 3024; baseline -0.005 -15"><span class='ocrx_word' id='word_1_207' title='bbox 324 2952 433 3009; x_wconf 86' lang='lat' dir='ltr'><strong>solertia</strong></span> <span class='ocrx_word' id='word_1_208' title='bbox 442 2951 497 3010; x_wconf 90' lang='lat' dir='ltr'><strong>sibi</strong></span> <span class='ocrx_word' id='word_1_209' title='bbox 512 2953 665 3022; x_wconf 89' lang='lat' dir='ltr'><strong>cousulant,</strong></span> <span class='ocrx_word' id='word_1_210' title='bbox 683 2953 802 3024; x_wconf 84' lang='lat' dir='ltr'><strong>usuique</strong></span> <span class='ocrx_word' id='word_1_211' title='bbox 813 2953 907 3010; x_wconf 88' lang='lat' dir='ltr'><strong>lutum</strong></span> <span class='ocrx_word' id='word_1_212' title='bbox 917 2952 1088 3024; x_wconf 78' lang='lat' dir='ltr'><strong>provideant,</strong></span> <span class='ocrx_word' id='word_1_213' title='bbox 1102 2952 1232 3022; x_wconf 86' lang='lat' dir='ltr'><strong>tumquia</strong></span> <span class='ocrx_word' id='word_1_214' title='bbox 1246 2951 1353 3008; x_wconf 87' lang='lat' dir='ltr'><strong>discant</strong></span> <span class='ocrx_word' id='word_1_215' title='bbox 1364 2956 1391 3005; x_wconf 86' lang='lat' dir='ltr'><strong>et</strong></span> 
     </span>
     <span class='ocr_line' id='line_1_28' title="bbox 325 3037 1390 3114; baseline -0.006 -16"><span class='ocrx_word' id='word_1_216' title='bbox 325 3042 360 3098; x_wconf 89' lang='lat' dir='ltr'><strong>ab</strong></span> <span class='ocrx_word' id='word_1_217' title='bbox 375 3056 405 3097; x_wconf 89' lang='lat' dir='ltr'><strong>sc</strong></span> <span class='ocrx_word' id='word_1_218' title='bbox 419 3041 537 3098; x_wconf 88' lang='lat' dir='ltr'><strong>invicem</strong></span> <span class='ocrx_word' id='word_1_219' title='bbox 552 3048 580 3096; x_wconf 88' lang='lat' dir='ltr'><strong>ct</strong></span> <span class='ocrx_word' id='word_1_220' title='bbox 591 3042 627 3098; x_wconf 86' lang='lat' dir='ltr'><strong>ab</strong></span> <span class='ocrx_word' id='word_1_221' title='bbox 638 3041 797 3098; x_wconf 88' lang='lat' dir='ltr'><strong>bominibus</strong></span> <span class='ocrx_word' id='word_1_222' title='bbox 807 3041 908 3098; x_wconf 88' lang='lat' dir='ltr'><strong>multa.</strong></span> <span class='ocrx_word' id='word_1_223' title='bbox 920 3084 943 3097; x_wconf 93' lang='lat'><strong>..</strong></span> <span class='ocrx_word' id='word_1_224' title='bbox 957 3042 1108 3112; x_wconf 77' lang='lat' dir='ltr'><strong>Subiungit</strong></span> <span class='ocrx_word' id='word_1_225' title='bbox 1118 3038 1308 3114; x_wconf 76' lang='lat' dir='ltr'><strong>(Porphyrius)</strong></span> <span class='ocrx_word' id='word_1_226' title='bbox 1321 3037 1390 3095; x_wconf 81' lang='lat' dir='ltr'><strong>dris-</strong></span> 
     </span>
     <span class='ocr_line' id='line_1_29' title="bbox 325 3129 1389 3202; baseline -0.005 -16"><span class='ocrx_word' id='word_1_227' title='bbox 325 3130 446 3201; x_wconf 86' lang='lat' dir='ltr'><strong>totelem‚</strong></span> <span class='ocrx_word' id='word_1_228' title='bbox 468 3129 622 3192; x_wconf 89' lang='lat' dir='ltr'><strong>Platonem,</strong></span> <span class='ocrx_word' id='word_1_229' title='bbox 637 3129 845 3201; x_wconf 78' lang='lat' dir='ltr'><strong>Empedoclem,</strong></span> <span class='ocrx_word' id='word_1_230' title='bbox 870 3130 1066 3202; x_wconf 84' lang='lat' dir='ltr'><strong>Democritum,</strong></span> <span class='ocrx_word' id='word_1_231' title='bbox 1091 3129 1220 3202; x_wconf 86' lang='lat' dir='ltr'><strong>aliosque</strong></span> <span class='ocrx_word' id='word_1_232' title='bbox 1230 3129 1389 3200; x_wconf 77' lang='lat' dir='ltr'><strong>quicunque</strong></span> 
     </span>
     <span class='ocr_line' id='line_1_30' title="bbox 325 3214 1389 3289; baseline -0.007 -15"><span class='ocrx_word' id='word_1_233' title='bbox 325 3217 467 3276; x_wconf 88' lang='lat' dir='ltr'><strong>veritatem</strong></span> <span class='ocrx_word' id='word_1_234' title='bbox 485 3219 519 3276; x_wconf 91' lang='lat' dir='ltr'><strong>dc</strong></span> <span class='ocrx_word' id='word_1_235' title='bbox 542 3218 708 3276; x_wconf 89' lang='lat' dir='ltr'><strong>animalibus</strong></span> <span class='ocrx_word' id='word_1_236' title='bbox 736 3217 897 3288; x_wconf 85' lang='lat' dir='ltr'><strong>perscrutati</strong></span> <span class='ocrx_word' id='word_1_237' title='bbox 919 3224 995 3286; x_wconf 86' lang='lat' dir='ltr'><strong>sunt,</strong></span> <span class='ocrx_word' id='word_1_238' title='bbox 1011 3217 1251 3289; x_wconf 81' lang='lat' dir='ltr'><strong>participationem</strong></span> <span class='ocrx_word' id='word_1_239' title='bbox 1277 3214 1389 3274; x_wconf 89' lang='lat' dir='ltr'><strong>rationis</strong></span> 
     </span>
     <span class='ocr_line' id='line_1_31' title="bbox 315 3297 1386 3378; baseline -0.007 -13"><span class='ocrx_word' id='word_1_240' title='bbox 315 3297 513 3378; x_wconf 82' lang='lat' dir='ltr'><strong>&#39;orationisque</strong></span> <span class='ocrx_word' id='word_1_241' title='bbox 535 3306 563 3362; x_wconf 93' lang='lat' dir='ltr'><strong>iu</strong></span> <span class='ocrx_word' id='word_1_242' title='bbox 579 3306 613 3363; x_wconf 92' lang='lat' dir='ltr'><strong>iis</strong></span> <span class='ocrx_word' id='word_1_243' title='bbox 632 3306 809 3378; x_wconf 87' lang='lat' dir='ltr'><strong>comperisse.</strong></span> <span class='ocrx_word' id='word_1_244' title='bbox 826 3309 963 3378; x_wconf 81' lang='lat' dir='ltr'><strong>Apparere</strong></span> <span class='ocrx_word' id='word_1_245' title='bbox 979 3315 1071 3363; x_wconf 90' lang='lat' dir='ltr'><strong>autem</strong></span> <span class='ocrx_word' id='word_1_246' title='bbox 1085 3307 1115 3362; x_wconf 92' lang='lat' dir='ltr'><strong>in</strong></span> <span class='ocrx_word' id='word_1_247' title='bbox 1128 3309 1182 3364; x_wconf 86' lang='lat' dir='ltr'><strong>bac</strong></span> <span class='ocrx_word' id='word_1_248' title='bbox 1195 3306 1386 3369; x_wconf 80' lang='lat' dir='ltr'><strong>diversitatem,</strong></span> 
     </span>
     <span class='ocr_line' id='line_1_32' title="bbox 325 3394 1387 3466; baseline -0.008 -14"><span class='ocrx_word' id='word_1_249' title='bbox 325 3403 356 3452; x_wconf 91' lang='lat' dir='ltr'><strong>ut</strong></span> <span class='ocrx_word' id='word_1_250' title='bbox 373 3395 531 3452; x_wconf 75' lang='lat' dir='ltr'><strong>Aristotcles</strong></span> <span class='ocrx_word' id='word_1_251' title='bbox 550 3409 663 3466; x_wconf 84' lang='lat' dir='ltr'><strong>quoquc</strong></span> <span class='ocrx_word' id='word_1_252' title='bbox 675 3394 776 3452; x_wconf 83' lang='lat' dir='ltr'><strong>dixerit</strong></span> <span class='ocrx_word' id='word_1_253' title='bbox 790 3395 818 3450; x_wconf 93' lang='lat' dir='ltr'><strong>in</strong></span> <span class='ocrx_word' id='word_1_254' title='bbox 828 3394 949 3451; x_wconf 81' lang='lat' dir='ltr'><strong>essentia</strong></span> <span class='ocrx_word' id='word_1_255' title='bbox 961 3395 1078 3451; x_wconf 88' lang='lat' dir='ltr'><strong>minime</strong></span> <span class='ocrx_word' id='word_1_256' title='bbox 1089 3395 1271 3452; x_wconf 89' lang='lat' dir='ltr'><strong>dilierentem:</strong></span> <span class='ocrx_word' id='word_1_257' title='bbox 1283 3394 1331 3450; x_wconf 90' lang='lat' dir='ltr'><strong>sed</strong></span> <span class='ocrx_word' id='word_1_258' title='bbox 1342 3406 1387 3464; x_wconf 88' lang='lat' dir='ltr'><strong>per</strong></span> 
     </span>
     <span class='ocr_line' id='line_1_33' title="bbox 325 3482 1388 3555; baseline -0.005 -14"><span class='ocrx_word' id='word_1_259' title='bbox 325 3482 415 3555; x_wconf 84' lang='lat' dir='ltr'><strong>tnagis</strong></span> <span class='ocrx_word' id='word_1_260' title='bbox 424 3482 553 3540; x_wconf 90' lang='lat' dir='ltr'><strong>minusve</strong></span> <span class='ocrx_word' id='word_1_261' title='bbox 563 3482 763 3552; x_wconf 80' lang='lat' dir='ltr'><strong>diversitatem,</strong></span> <span class='ocrx_word' id='word_1_262' title='bbox 778 3483 1015 3554; x_wconf 85' lang='lat' dir='ltr'><strong>quemadmodum</strong></span> <span class='ocrx_word' id='word_1_263' title='bbox 1023 3482 1150 3555; x_wconf 84' lang='lat' dir='ltr'><strong>plerique</strong></span> <span class='ocrx_word' id='word_1_264' title='bbox 1159 3490 1257 3554; x_wconf 88' lang='lat' dir='ltr'><strong>putent</strong></span> <span class='ocrx_word' id='word_1_265' title='bbox 1267 3482 1388 3540; x_wconf 89' lang='lat' dir='ltr'><strong>dilieren-</strong></span> 
     </span>
     <span class='ocr_line' id='line_1_34' title="bbox 325 3567 1387 3644; baseline -0.005 -16"><span class='ocrx_word' id='word_1_266' title='bbox 325 3572 391 3628; x_wconf 90' lang='lat' dir='ltr'><strong>liam</strong></span> <span class='ocrx_word' id='word_1_267' title='bbox 402 3574 520 3630; x_wconf 85' lang='lat' dir='ltr'><strong>beorum</strong></span> <span class='ocrx_word' id='word_1_268' title='bbox 537 3571 566 3626; x_wconf 93' lang='lat' dir='ltr'><strong>in</strong></span> <span class='ocrx_word' id='word_1_269' title='bbox 578 3573 631 3628; x_wconf 92' lang='lat' dir='ltr'><strong>hac</strong></span> <span class='ocrx_word' id='word_1_270' title='bbox 642 3573 676 3628; x_wconf 89' lang='lat' dir='ltr'><strong>ad</strong></span> <span class='ocrx_word' id='word_1_271' title='bbox 690 3572 821 3628; x_wconf 88' lang='lat' dir='ltr'><strong>homiues</strong></span> <span class='ocrx_word' id='word_1_272' title='bbox 840 3585 906 3627; x_wconf 86' lang='lat' dir='ltr'><strong>esse.</strong></span> <span class='ocrx_word' id='word_1_273' title='bbox 927 3591 939 3620; x_wconf 75' lang='lat' dir='ltr'><strong>a</strong></span> <span class='ocrx_word' id='word_1_274' title='bbox 960 3573 1094 3642; x_wconf 79' lang='lat' dir='ltr'><strong>Eucerpta</strong></span> <span class='ocrx_word' id='word_1_275' title='bbox 1114 3571 1162 3628; x_wconf 91' lang='lat' dir='ltr'><strong>illa</strong></span> <span class='ocrx_word' id='word_1_276' title='bbox 1176 3579 1333 3644; x_wconf 88' lang='lat' dir='ltr'><strong>suutopere</strong></span> <span class='ocrx_word' id='word_1_277' title='bbox 1344 3567 1387 3626; x_wconf 93' lang='lat' dir='ltr'><strong>cui</strong></span> 
     </span>
     <span class='ocr_line' id='line_1_35' title="bbox 327 3657 1388 3732; baseline -0.004 -16"><span class='ocrx_word' id='word_1_278' title='bbox 327 3659 440 3717; x_wconf 87' lang='lat' dir='ltr'><strong>titulus:</strong></span> <span class='ocrx_word' id='word_1_279' title='bbox 456 3660 606 3717; x_wconf 90' lang='lat' dir='ltr'><strong>lamblieus</strong></span> <span class='ocrx_word' id='word_1_280' title='bbox 620 3661 655 3717; x_wconf 88' lang='lat' dir='ltr'><strong>do</strong></span> <span class='ocrx_word' id='word_1_281' title='bbox 669 3660 810 3732; x_wconf 84' lang='lat' dir='ltr'><strong>mysteriis</strong></span> <span class='ocrx_word' id='word_1_282' title='bbox 830 3660 1033 3730; x_wconf 80' lang='lat' dir='ltr'><strong>AEgyptiorum.</strong></span> <span class='ocrx_word' id='word_1_283' title='bbox 1049 3703 1074 3716; x_wconf 90' lang='lat'><strong>..</strong></span> <span class='ocrx_word' id='word_1_284' title='bbox 1089 3659 1203 3718; x_wconf 89' lang='lat' dir='ltr'><strong>Proclus</strong></span> <span class='ocrx_word' id='word_1_285' title='bbox 1223 3662 1250 3716; x_wconf 91' lang='lat' dir='ltr'><strong>ln</strong></span> <span class='ocrx_word' id='word_1_286' title='bbox 1268 3657 1388 3716; x_wconf 85' lang='lat' dir='ltr'><strong>Platoni-</strong></span> 
     </span>
     <span class='ocr_line' id='line_1_36' title="bbox 327 3747 1389 3820; baseline -0.001 -18"><span class='ocrx_word' id='word_1_287' title='bbox 327 3763 390 3804; x_wconf 90' lang='lat' dir='ltr'><strong>cum</strong></span> <span class='ocrx_word' id='word_1_288' title='bbox 415 3747 585 3806; x_wconf 78' lang='lat' dir='ltr'><strong>Alcibiadem</strong></span> <span class='ocrx_word' id='word_1_289' title='bbox 599 3748 634 3805; x_wconf 91' lang='lat' dir='ltr'><strong>de</strong></span> <span class='ocrx_word' id='word_1_290' title='bbox 648 3749 772 3804; x_wconf 71' lang='lat' dir='ltr'><strong>anima,</strong></span> <span class='ocrx_word' id='word_1_291' title='bbox 787 3792 791 3803; x_wconf 89' lang='lat'>.</span> <span class='ocrx_word' id='word_1_292' title='bbox 804 3792 810 3804; x_wconf 89' lang='lat'><strong>.</strong></span> <span class='ocrx_word' id='word_1_293' title='bbox 825 3748 993 3819; x_wconf 85' lang='lat' dir='ltr'><strong>Porphyrius</strong></span> <span class='ocrx_word' id='word_1_294' title='bbox 1003 3749 1037 3805; x_wconf 92' lang='lat' dir='ltr'><strong>de</strong></span> <span class='ocrx_word' id='word_1_295' title='bbox 1052 3748 1159 3806; x_wconf 80' lang='lat' dir='ltr'><strong>Divinis</strong></span> <span class='ocrx_word' id='word_1_296' title='bbox 1180 3757 1267 3820; x_wconf 84' lang='lat' dir='ltr'><strong>atquc</strong></span> <span class='ocrx_word' id='word_1_297' title='bbox 1288 3753 1389 3806; x_wconf 83' lang='lat' dir='ltr'><strong>llaevno</strong></span> 
     </span>
     <span class='ocr_line' id='line_1_37' title="bbox 328 3833 1389 3908; baseline -0.001 -18"><span class='ocrx_word' id='word_1_298' title='bbox 328 3833 421 3891; x_wconf 88' lang='lat' dir='ltr'><strong>nibus.</strong></span> <span class='ocrx_word' id='word_1_299' title='bbox 433 3875 439 3890; x_wconf 91' lang='lat'><strong>.</strong></span> <span class='ocrx_word' id='word_1_300' title='bbox 451 3876 475 3890; x_wconf 93' lang='lat'><strong>..</strong></span> <span class='ocrx_word' id='word_1_301' title='bbox 491 3835 596 3890; x_wconf 88' lang='lat' dir='ltr'><strong>Psellus</strong></span> <span class='ocrx_word' id='word_1_302' title='bbox 611 3836 645 3892; x_wconf 87' lang='lat' dir='ltr'><strong>dc</strong></span> <span class='ocrx_word' id='word_1_303' title='bbox 657 3835 848 3892; x_wconf 72' lang='lat' dir='ltr'><strong>[temonibus.</strong></span> <span class='ocrx_word' id='word_1_304' title='bbox 860 3877 866 3890; x_wconf 93' lang='lat'><strong>.</strong></span> <span class='ocrx_word' id='word_1_305' title='bbox 878 3877 884 3890; x_wconf 91' lang='lat'><em>.</em></span> <span class='ocrx_word' id='word_1_306' title='bbox 896 3878 902 3891; x_wconf 91' lang='lat'><em>.</em></span> <span class='ocrx_word' id='word_1_307' title='bbox 921 3836 1046 3892; x_wconf 87' lang='lat' dir='ltr'><strong>llercurii</strong></span> <span class='ocrx_word' id='word_1_308' title='bbox 1060 3837 1232 3908; x_wconf 74' lang='lat' dir='ltr'><strong>trismegisti</strong></span> <span class='ocrx_word' id='word_1_309' title='bbox 1246 3837 1389 3894; x_wconf 88' lang='lat' dir='ltr'><strong>Pimauder</strong></span> 
     </span>
     <span class='ocr_line' id='line_1_38' title="bbox 329 3923 940 3994; baseline 0.003 -18"><span class='ocrx_word' id='word_1_310' title='bbox 329 3928 393 3991; x_wconf 82' lang='lat' dir='ltr'><strong>etc,</strong></span> <span class='ocrx_word' id='word_1_311' title='bbox 408 3925 537 3992; x_wconf 76' lang='lat' dir='ltr'><strong>Genetes,</strong></span> <span class='ocrx_word' id='word_1_312' title='bbox 553 3923 628 3994; x_wconf 88' lang='lat' dir='ltr'><strong>apud</strong></span> <span class='ocrx_word' id='word_1_313' title='bbox 639 3923 817 3981; x_wconf 85' lang='lat' dir='ltr'><strong>loruaesium.</strong></span> <span class='ocrx_word' id='word_1_314' title='bbox 834 3938 940 3980; x_wconf 84' lang='lat' dir='ltr'><strong>uucvu.</strong></span> 
     </span>
    </p>
   </div>
   <div class='ocr_carea' id='block_1_6' title="bbox 332 4027 1389 4189">
    <p class='ocr_par' dir='ltr' id='par_1_11' title="bbox 332 4027 1389 4189">
     <span class='ocr_line' id='line_1_39' title="bbox 367 4027 1389 4104; baseline 0.002 -22"><span class='ocrx_word' id='word_1_315' title='bbox 367 4027 420 4096; x_wconf 76' lang='lat' dir='ltr'><strong>(etl</strong></span> <span class='ocrx_word' id='word_1_316' title='bbox 439 4030 507 4097; x_wconf 80' lang='lat' dir='ltr'><strong>lpsae</strong></span> <span class='ocrx_word' id='word_1_317' title='bbox 520 4028 584 4084; x_wconf 84' lang='lat' dir='ltr'><strong>ierac</strong></span> <span class='ocrx_word' id='word_1_318' title='bbox 596 4042 626 4083; x_wconf 93' lang='lat' dir='ltr'><strong>so</strong></span> <span class='ocrx_word' id='word_1_319' title='bbox 648 4043 851 4100; x_wconf 85' lang='lat' dir='ltr'><strong>nonnunquam</strong></span> <span class='ocrx_word' id='word_1_320' title='bbox 863 4029 1021 4096; x_wconf 90' lang='lat' dir='ltr'><strong>instituunt,</strong></span> <span class='ocrx_word' id='word_1_321' title='bbox 1044 4039 1074 4088; x_wconf 91' lang='lat' dir='ltr'><strong>ut</strong></span> <span class='ocrx_word' id='word_1_322' title='bbox 1097 4040 1214 4104; x_wconf 86' lang='lat' dir='ltr'><strong>apparet</strong></span> <span class='ocrx_word' id='word_1_323' title='bbox 1228 4032 1258 4088; x_wconf 92' lang='lat' dir='ltr'><strong>in</strong></span> <span class='ocrx_word' id='word_1_324' title='bbox 1273 4029 1389 4090; x_wconf 79' lang='lat' dir='ltr'><strong>luscinia</strong></span> 
     </span>
     <span class='ocr_line' id='line_1_40' title="bbox 332 4115 1094 4189; baseline 0.01 -22"><span class='ocrx_word' id='word_1_325' title='bbox 332 4128 414 4184; x_wconf 83' lang='lat' dir='ltr'><strong>quam</strong></span> <span class='ocrx_word' id='word_1_326' title='bbox 430 4121 537 4172; x_wconf 88' lang='lat' dir='ltr'><strong>constat</strong></span> <span class='ocrx_word' id='word_1_327' title='bbox 545 4115 669 4189; x_wconf 76' lang='lat' dir='ltr'><strong>iuniores</strong></span> <span class='ocrx_word' id='word_1_328' title='bbox 682 4115 830 4188; x_wconf 90' lang='lat' dir='ltr'><strong>discipulas</strong></span> <span class='ocrx_word' id='word_1_329' title='bbox 842 4126 955 4177; x_wconf 90' lang='lat' dir='ltr'><strong>cantum</strong></span> <span class='ocrx_word' id='word_1_330' title='bbox 969 4119 1094 4176; x_wconf 88' lang='lat' dir='ltr'><strong>edocere.</strong></span> 
     </span>
    </p>
   </div>
   <div class='ocr_carea' id='block_1_7' title="bbox 0 0 1600 5475">
    <p class='ocr_par' dir='ltr' id='par_1_12' title="bbox 0 0 1600 5475">
     <span class='ocr_line' id='line_1_41' title="bbox 0 0 1600 5475; baseline 0 0"><span class='ocrx_word' id='word_1_331' title='bbox 0 0 1600 5475; x_wconf 95' lang='lat' dir='ltr'><strong> </strong></span> 
     </span>
    </p>
   </div>
  </div>
 </body>
</html>
