3192 5475
738 534 916 603 „52-

292 674 418 763 sapiens
426 684 459 742 et
480 674 623 743 amabilis
635 697 718 763 quae,
732 677 811 744 dum
823 676 1019 744 Trissotinns
1033 673 1142 765 putida
1166 672 1275 741 nescio
1289 691 1360 759 quae

289 781 386 868 jactat
410 781 608 863 ambitiosus,
625 782 793 851 verborum
808 782 936 871 quidem
948 802 1063 850 sonum
1076 780 1140 849 non
1166 790 1272 870 potest
1297 798 1361 845 non

295 907 390 957 sensu
411 889 583 979 percipere,
599 890 727 979 negligit
739 899 845 957 autem
861 889 900 958 de
911 888 1065 957 industria
1080 886 1254 957 sententias
1267 894 1300 953 ct
1310 884 1361 973 ig-

295 1004 399 1076 norat,
414 1006 450 1063 ut
473 1016 543 1096 quae
557 996 679 1085 ineptas
703 995 832 1065 delicias
850 995 934 1065 docti
957 993 1156 1085 ingeniosum
1182 991 1363 1060 mentientis

295 1100 603 1171 oderitllaudaliam
615 1103 657 1172 ob
671 1123 793 1171 musam
806 1104 925 1171 Seneca
940 1100 1190 1171 discordissimos
1201 1100 1284 1167 inter
1300 1098 1365 1165 bal-

296 1210 348 1277 nei
374 1210 526 1299 strepitus
547 1230 582 1277 se
596 1208 656 1277 sibi
671 1216 773 1279 tolum
788 1210 975 1278 vindicabat.
1002 1206 1202 1277 intellectum
1224 1205 1312 1274 enim
1325 1204 1363 1273 ab

228 1296 233 1311 ’
296 1316 358 1384 isto
368 1335 483 1385 uocum
497 1316 678 1405 importuno
690 1334 847 1385 concursu
862 1316 901 1385 ad
913 1314 1016 1384 studia
1030 1314 1193 1385 revocabat
1207 1312 1286 1381 adeo
1315 1321 1364 1393 ut,

297 1441 388 1491 aures
403 1422 498 1491 etiam
526 1421 654 1491 fremitu
675 1422 801 1492 diuerso
821 1422 1114 1512 circumstrepente,
1143 1420 1306 1488 silentium
1332 1417 1363 1486 in

298 1540 405 1597 mente
418 1529 575 1597 constanti
590 1530 708 1597 lactum
722 1528 894 1599 rideretur.
919 1528 1005 1612 Quid
1020 1526 1143 1597 multa?
1169 1526 1276 1595 Strato
1300 1525 1365 1615 ipse

298 1644 439 1704 nostram
454 1637 534 1705 hanc
545 1655 673 1705 causam
685 1637 844 1705 desendet.
860 1636 986 1705 Etenim
1000 1636 1275 1704 demonstmturus
1290 1652 1364 1701 sen-

298 1741 396 1810 tiendi
410 1743 473 1810 vim
498 1752 531 1811 et
554 1765 667 1813 omnes
681 1744 824 1818 affectus,
842 1753 879 1809 ut
900 1734 1132 1821 fortitudinem,
1146 1740 1178 1807 in
1191 1739 1366 1829 principatu

297 1849 395 1916 animi
410 1850 501 1938 juxta
512 1849 663 1933 residere,
680 1850 869 1919 sententiam
882 1870 972 1917 suam
987 1869 1005 1916 c
1019 1847 1210 1916 cruciatibus
1221 1846 1366 1934 colligere

298 1955 430 2037 solebat,
447 1956 491 2025 sic
504 1956 605 2024 terme
623 1958 808 2047 disputans:
829 1956 872 2047 (a)
890 1982 906 2022 s
922 1965 1080 2023 tormenta
1095 1953 1273 2021 meticulosi
1298 1951 1368 2042 plns

297 2082 388 2151 equo
398 2062 615 2145 reformidant,
632 2064 731 2132 sortes
742 2084 818 2132 vero
830 2063 967 2131 subeunt
984 2060 1144 2151 intrepidi.
1161 2058 1255 2129 Unde
1269 2080 1367 2150 appa-

298 2180 488 2238 reteosnon
503 2190 611 2259 parem
624 2170 742 2239 sentire
762 2170 925 2251 dolorem;
951 2189 1054 2258 neque
1082 2168 1186 2255 reipsa
1214 2169 1366 2247 sentiunt,

298 2275 372 2365 quia
386 2274 580 2367 principatus
591 2276 688 2345 animi
700 2277 803 2366 impar
815 2276 929 2363 obtigit
941 2276 1096 2364 utrisque.
1115 2302 1131 2338 u
1145 2272 1204 2343 Cui
1218 2296 1279 2344 nos
1288 2296 1369 2343 con·

299 2383 510 2452 indicemus:
528 2408 544 2447 r
559 2384 604 2454 Te
616 2384 682 2473 ipse
707 2384 888 2474 impugnas,
900 2382 1017 2452 Strato.
1034 2382 1123 2450 lstud
1143 2380 1232 2450 enim
1258 2402 1368 2450 exem-

299 2489 386 2579 plum
398 2490 589 2559 sentienfem
612 2491 756 2559 animum
778 2491 818 2557 ab
843 2490 952 2558 animo
964 2489 1161 2578 intelligente
1185 2508 1223 2557 ac
1248 2490 1370 2557 volente

299 2595 392 2684 plane
406 2597 569 2685 disjungit.
585 2596 705 2665 Eadem
725 2597 896 2665 enimcum
918 2596 960 2664 sit
986 2596 1070 2685 apud
1098 2605 1269 2685 utrumqne
1294 2614 1368 2663 sen-

297 2702 397 2772 tiendi
412 2703 555 2786 incultas,
577 2722 634 2794 par
649 2704 723 2772 inde
746 2703 906 2773 cruciatus
932 2702 1052 2785 existit,
1078 2703 1134 2772 sed
1149 2702 1244 2791 longe
1269 2702 1371 2791 dispar

300 2820 350 2880 est
365 2811 528 2880 fortitudo.
546 2810 577 2879 Is
591 2832 687 2900 quem
701 2811 790 2880 rides
804 2812 956 2880 invictum
970 2811 1139 2880 tormentis
1150 2811 1248 2880 sentit
1258 2830 1296 2878 ea
1305 2809 1371 2899 qui-

299 2915 386 2999 dem,
400 2918 582 3005 quiahomo
597 2930 750 2986 natusest
764 2943 771 3001 ;
789 2919 971 2986 sedtolerat
982 2919 1051 2988 sine
1072 2918 1195 3008 genito,
1211 2915 1286 3006 quia
1313 2918 1366 2984 tir.

299 3020 394 3090 Dolet
409 3023 577 3106 mehercle,
605 3025 677 3112 qnia
703 3045 767 3094 non
793 3035 897 3114 potest
918 3027 996 3114 quin
1021 3024 1138 3105 dolcat,
1162 3036 1244 3092 etse
1266 3023 1373 3092 dolere

300 3130 429 3212 latetur,
442 3122 516 3199 dcto
529 3129 582 3198 illo
598 3132 739 3220 sapiente
752 3132 916 3200 candidior
933 3143 1069 3220 negante
1082 3152 1117 3199 se
1130 3132 1162 3198 in
1176 3142 1268 3200 tauro
1286 3129 1370 3198 Plia-

269 3283 274 3290 .
300 3232 408 3304 luridis
433 3236 577 3306 laborare
589 3238 763 3328 quidquam
784 3265 791 3320 ;
815 3260 925 3306 rerum
944 3239 1088 3307 dolorem
1100 3236 1372 3325 contemnit,quia

302 3341 380 3411 ruit.
391 3342 448 3412 vis
462 3345 557 3432 igitur
572 3345 731 3413 sentiendi
746 3367 764 3412 a
780 3345 937 3414 tolerandi
961 3347 989 3412 vi
1004 3355 1036 3413 et
1050 3344 1212 3434 patientia,
1230 3343 1261 3410 id
1275 3341 1371 3413 estad

302 3448 409 3518 animo
424 3449 620 3538 intelligente
645 3470 837 3540 magnopere
852 3451 1009 3540 discrepat
1024 3476 1031 3518 ε
1046 3471 1174 3540 quoquo
1199 3461 1231 3518 tc
1256 3460 1371 3542 vertas,

302 3554 411 3622 eadem
424 3575 459 3623 se
472 3556 529 3622 tibi
543 3556 636 3623 ollcrt
647 3557 884 3626 dissimilitudo.

348 3661 431 3730 Male
446 3663 541 3749 igitur
553 3662 614 3730 sibi
639 3664 802 3732 consuluit
815 3663 1001 3733 Plutarchus
1026 3665 1185 3733 Stratonis
1210 3664 1374 3752 amplexus

302 3767 533 3856 opinionemde
547 3770 772 3838 contundendo
783 3792 879 3838 sensu
893 3782 925 3839 et
937 3771 1227 3859 intellectuNeque
1234 3771 1374 3859 prolecto

303 3875 401 3943 miror
420 3878 444 3942 si
453 3877 493 3942 ab
508 3898 543 3944 ea
557 3878 771 3945 conlirmnndn
790 3878 884 3966 longe
899 3878 987 3945 abest
1002 3903 1010 3944 ι
1025 3881 1134 3966 connis
1151 3898 1249 3960 enm,
1263 3877 1312 3945 rel
1322 3877 1373 3944 di·

306 3982 514 4066 sertissimus
527 3983 651 4052 efficere
660 3983 762 4052 valeat
775 4006 847 4072 quae
860 3984 924 4052 sint
939 3985 1014 4052 laisa
1026 4005 1099 4052 vera
1113 3985 1207 4052 lieri‘l

344 4203 381 4279 (a)
401 4206 469 4264 Vide
480 4201 612 4265 Galenum
628 4208 675 4279 v(ilc
687 4207 804 4267 Historia
820 4207 1038 4281 Philosopnica).
