3192 5475
813 398 986 466 „86-

362 551 449 611 muta
462 538 622 612 Platonica
637 553 669 611 et
683 541 788 611 Stoica
812 539 1018 631 malignitate,
1044 538 1188 610 uidemus
1209 536 1242 608 in
1268 532 1427 609 nonnullis

360 648 498 717 caritatis
511 649 637 731 indicia,
652 650 823 738 pluresque
848 649 926 717 alios
953 648 1095 718 allectus.
1114 648 1291 716 tumeliam
1310 666 1428 715 memo-

359 756 449 838 riam,
459 756 904 845 cagnitionemdisaiplinam.
922 755 1086 837 Quidnam
1100 776 1175 823 vero
1190 755 1306 823 iudicia
1317 753 1428 821 illaia-

359 863 476 944 dicant,
491 864 551 931 nisi
568 864 721 953 impulsus
734 872 765 931 at
777 862 903 930 babitus
921 884 988 937 eos.
1008 861 1122 932 nostris
1141 862 1301 931 interdum
1323 860 1428 931 consi-

360 969 463 1048 miles,
477 971 515 1037 ab
530 969 633 1059 aliqua
648 970 677 1037 ui
692 980 724 1037 et
737 969 883 1037 facultate
894 968 1046 1051 delluere,
1058 990 1129 1058 quae
1141 968 1320 1037 sithnmani
1335 966 1429 1033 animi

359 1076 559 1145 facultatibus
575 1076 773 1145 consimilis?
787 1076 862 1145 lden
879 1097 951 1145 cum
966 1077 1242 1167 persuasissimum
1261 1074 1431 1142 babeamus

361 1203 425 1251 non
445 1204 560 1271 carpus
575 1183 605 1249 in
622 1183 763 1265 homine,
781 1183 837 1251 sed
859 1182 1001 1251 animum
1030 1203 1156 1271 cupere,
1176 1182 1295 1263 dolere,
1322 1201 1428 1249 recor-

275 1346 278 1353 .
359 1289 438 1368 dari,
456 1290 620 1378 imaginari
635 1300 666 1357 et
680 1289 976 1377 cognoscere,idem
989 1290 1021 1357 in
1034 1289 1132 1358 mutis
1142 1309 1197 1378 per
1207 1289 1350 1356 animum
1365 1286 1429 1354 lieri

359 1396 570 1465 concedamus
588 1416 716 1464 necesse
742 1406 801 1464 est.
829 1396 914 1484 Ergo
939 1396 1064 1464 animus
1091 1395 1150 1485 ipsi
1175 1395 1251 1463 ferae
1280 1393 1430 1482 suppetit.

359 1503 422 1585 Qui
439 1523 512 1571 vero
534 1514 566 1569 et
579 1502 680 1589 qualis
695 1503 845 1571 animus‘l
871 1501 1034 1583 Quibusve
1058 1502 1142 1571 notis
1155 1502 1195 1567 ab
1214 1503 1355 1569 humano
1375 1521 1428 1569 se-

361 1609 527 1678 cernitur?

401 1714 493 1785 Mens
509 1717 646 1783 humana
669 1736 703 1783 se
718 1716 750 1783 iu
764 1736 815 1784 res
829 1716 975 1796 intendit,
991 1715 1082 1784 aliam
1094 1716 1147 1783 alii
1165 1724 1338 1803 comparat,
1355 1733 1431 1802 qua-

357 1822 489 1903 litatesa
506 1823 600 1890 rebus
620 1821 787 1904 abstrahit,
805 1822 929 1911 singula
954 1842 1087 1911 quaeque
1112 1823 1144 1890 in
1159 1822 1293 1911 species,
1310 1819 1430 1911 species

359 1930 518 2017 inponere
537 1928 665 2015 redipit;
676 1927 811 2015 judicat,
838 1928 1066 2006 ratiocinatum
1095 1949 1202 1997 rernm
1225 1928 1286 1996 sibi
1311 1928 1430 2014 effingit

358 2032 511 2123 imnpines
524 2044 555 2102 et
576 2034 727 2101 orteminit.
750 2034 795 2102 Eu
816 2034 988 2103 bisantem
1015 2035 1162 2125 pleraque
1184 2034 1267 2124 apud
1282 2033 1428 2101 animalia

355 2142 567 2232 reperiuntur.
583 2141 663 2222 Quis
677 2141 761 2209 enim
777 2162 916 2229 unquam
934 2162 1047 2209 seusus
1074 2142 1104 2208 in
1130 2162 1182 2210 res
1196 2139 1430 2230 perspiciendas

358 2248 492 2320 intendit
504 2248 605 2315 acrius
620 2269 708 2331 cane,
719 2269 790 2337 quae
804 2248 835 2315 in
849 2250 987 2337 leporem
1001 2259 1056 2316 aut
1071 2249 1230 2337 perdicem
1251 2248 1429 2335 indagatam

356 2354 597 2437 aculis,anima,
614 2355 826 2444 totadenique
842 2354 1159 2443 deligiturllladem,
1183 2356 1209 2423 si
1229 2376 1311 2443 opus
1336 2354 1431 2421 luerit

355 2462 1431 2551 saltulossamsuperare,latiorempartamangustoriapprimecom-

356 2567 489 2659 parabit,
501 2568 708 2657 posteriorem
721 2570 802 2637 banc
815 2579 1029 2660 antepositum
1052 2589 1113 2658 qua
1129 2568 1291 2655 transiliat.
1310 2568 1430 2637 Verum

356 2677 395 2745 de
409 2672 645 2745 ratiocinatione
672 2685 704 2743 et
724 2676 844 2765 judicio
872 2677 966 2764 longe
989 2677 1084 2744 distat
1110 2676 1149 2744 ab
1173 2675 1427 2745 hominebestia.

356 2780 436 2850 Cum
449 2782 534 2849 enim
546 2783 755 2851 homorerum
772 2783 858 2850 ideas
871 2782 1083 2852 etorationem
1096 2783 1287 2872 inpromptu
1302 2782 1428 2863 habeat,

356 2887 503 2978 explicite
517 2900 547 2956 et
562 2888 664 2956 lucide
690 2890 824 2956 allirmat
847 2889 921 2978 qaid
951 2899 983 2956 et
1006 2900 1163 2977 qnatenus
1188 2891 1259 2957 duae
1284 2888 1431 2956 notiones

356 2996 545 3066 conueniant
555 2994 614 3062 sibi
627 2995 675 3062 vel
690 2995 937 3064 disconveniant.
955 2996 1004 3063 Ad
1020 2997 1099 3078 haec,
1114 3017 1211 3085 quare
1222 2996 1339 3085 judicia
1352 3016 1432 3064 can-

356 3111 471 3190 gruant
495 3100 542 3168 vel
563 3113 741 3190 repugnent
756 3103 1008 3190 argumentanda
1030 3101 1167 3170 coniicit.
1193 3099 1228 3170 ld
1248 3113 1354 3170 autem
1373 3111 1435 3168 ut-

356 3227 489 3294 rumque
514 3207 597 3295 apud
610 3206 767 3288 animalia,
786 3207 869 3276 sicut
891 3206 923 3274 in
936 3207 1093 3276 infantulo
1108 3207 1250 3275 nondum
1263 3207 1426 3295 loquente,

355 3313 528 3401 implexum
549 3324 581 3381 et
603 3314 773 3382 obscurum
788 3328 849 3394 est,
865 3335 969 3402 nequa
997 3324 1101 3382 tamen
1125 3314 1218 3403 plane
1240 3314 1339 3382 abest.
1364 3313 1430 3381 Fac

356 3418 439 3486 enim
459 3440 475 3486 a
489 3420 592 3487 catulo
606 3419 773 3508 strepitum
784 3420 905 3489 bellicae
917 3420 1029 3489 fistulae
1042 3420 1177 3508 primum
1189 3421 1302 3488 audiri.
1314 3420 1430 3488 Statim

355 3524 496 3613 aufugiet
507 3525 593 3593 canis
609 3527 759 3607 nouitinS,
774 3539 904 3617 propter
915 3538 1035 3595 metum
1050 3537 1081 3595 et
1091 3527 1275 3595 instinctum
1289 3527 1429 3615 aliquem

325 3660 327 3666 ·
355 3642 486 3699 naturae.
505 3631 626 3700 lllaesus
640 3633 854 3715 autem,brevi
869 3645 1056 3714 revertetur,
1073 3633 1216 3702 nondum
1230 3633 1352 3723 experti
1366 3656 1428 3722 pe-

356 3738 446 3806 riculi
460 3757 598 3804 securus.
617 3738 650 3805 Si
665 3759 738 3806 vero
750 3739 899 3828 plumbus
914 3738 1049 3808 tironem
1061 3740 1212 3828 attigerit,
1230 3740 1342 3809 fistulae
1358 3741 1427 3808 lra-

354 3864 431 3934 gare
445 3843 559 3911 iterum
573 3845 691 3927 audito,
709 3845 740 3912 in
753 3846 860 3934 sugam
880 3868 914 3915 se
928 3845 1090 3935 proripiet,
1115 3847 1245 3915 minime
1266 3847 1430 3916 redituras

355 3951 479 4032 codem,
492 3950 610 4018 scilicet
624 3953 698 4039 quia
713 3973 776 4019 non
798 3952 974 4034 dialectica,
1003 3953 1059 4020 sed
1072 3975 1128 4021 suo
1152 3954 1248 4022 moda
1270 3953 1426 4043 judicabit

271 4111 272 4114 ,
355 4056 432 4124 nihil
448 4056 521 4124 inde
535 4057 609 4124 boni
625 4057 683 4125 sibi
699 4069 898 4128 euenturum.
916 4059 1070 4130 Memoria
1082 4071 1187 4129 autem
1199 4059 1342 4128 animalia
1356 4059 1422 4126 ins-
