3192 5475
586 558 824 647 “-.77-

201 723 363 815 1777717777
375 722 414 795 ad
424 719 533 795 bestrae
541 719 672 809 gradum
684 719 851 809 deprimat.
861 718 1036 807 Epicureus
1045 728 1154 788 contra
1154 716 1266 837 ,quasi

200 830 374 921 veritusne
395 848 460 897 non
474 848 514 897 77
535 848 626 916 {equo
655 828 836 897 intueamur
857 814 1088 908 177117777,7777
1111 813 1198 932 qqqni
1212 813 1262 891 11-

198 914 307 1029 1777777
321 933 531 1003 sollicitudine
553 944 685 1003 conatur
703 932 853 1021 quidnam
877 922 1097 1023 postmortem
1120 918 1255 1035 7777177.

198 1024 320 1113 17717177
333 1042 418 1109 enirn
432 1038 618 1107 animalibus
632 1060 722 1107 suam
736 1039 881 1106 omnium
904 1059 1009 1141 rerum
1033 1032 1257 1146 neolrgentram

199 1170 269 1237 quae
282 1148 445 1216 interitum
464 1159 647 1235 sequantur,
663 1166 802 1235 cumque
817 1145 894 1213 nihil
908 1166 1047 1235 unquam
1060 1092 1134 1212 17777
1146 1144 1210 1211 717
1202 1164 1261 1210 nn-
1287 1195 1289 1198 .

199 1255 386 1353 mortalitate
397 1252 510 1321 7717777
523 1252 739 1341 cogitaverint,
754 1253 785 1320 id
799 1252 926 1321 ellroere
940 1252 1047 1320 studet
1061 1262 1107 1334 ut,
1123 1271 1198 1320 curn
1221 1247 1261 1317 de

200 1383 237 1431 ea
249 1373 452 1451 reputaveris
469 1359 615 1427 fabellam
639 1358 754 1426 anilem
778 1358 953 1439 existimes,
981 1378 1085 1447 neque
1109 1344 1195 1425 Deos
1217 1376 1268 1424 re·

201 1468 352 1537 formides
365 1467 464 1555 magis
476 1487 572 1555 quarn
592 1466 680 1555 tigris
693 1466 887 1534 reformidat
911 1463 1031 1535 Beatus
1050 1463 1185 1555 enimet
1211 1483 1266 1531 sa-

203 1576 292 1665 piens
327 1576 454 1643 demum
481 1574 556 1655 7717,
580 1593 653 1641 cum
689 1583 720 1639 te
755 1574 812 1641 1777
831 1593 958 1661 quoque
982 1582 1073 1661 parte
1111 1568 1269 1659 pecudum

203 1682 236 1749 in
253 1700 421 1748 numerum
437 1679 607 1767 redegeris.

247 1786 338 1855 Haud
350 1786 461 1855 eadem
476 1800 525 1855 est
547 1786 699 1875 Sceptieis
708 1785 909 1875 providendae
924 1794 1039 1853 nostrae
1048 1783 1206 1853 felicitatis
1216 1804 1274 1864 cu·

109 1904 112 1911 ’
203 1913 258 1971 ra;
279 1894 334 1963 sed
355 1894 413 1961 7117
427 1893 468 1961 de
490 1913 585 1963 77777
614 1914 678 1959 777
699 1892 805 1961 minus
828 1913 921 1981 quam
947 1892 1093 1981 Epicurei
1113 1892 1276 1960 hominern

204 1999 1275 2087 elevantNemdumhumaneementisexcellentiamimpugnantur-

205 2107 468 2194 gumentaomnia
479 2117 609 2188 eruunt,
623 2106 708 2175 unde
718 2107 779 2175 sibi
793 2101 887 2175 licere
903 2117 1015 2197 putent
1033 2106 1275 2177 77177717771777-

205 2213 446 2281 7177777777ῑίοηί
470 2227 587 2281 nostrae
601 2213 776 2301 adaequere.
794 2213 841 2281 Tu
863 2215 923 2294 717,
936 2215 1073 2303 exempli
1086 2197 1199 2303 gradi,
1215 2214 1276 2291 hu-

206 2321 424 2389 manamDeos
438 2319 1087 2409 induerefiguram‚quaesitpulclrerrima.
1101 2320 1275 2397 Teneslroc
1324 2307 1326 2309 ’
1392 2307 1395 2312 ’

205 2425 1270 2515 essererum,subjicitAcademieus;egotentumopinorverisimile.

206 2533 293 2603 Nihil
307 2532 392 2601 enim
407 2532 530 2601 homini
554 2532 717 2623 pulchrius
740 2532 865 2599 videtur
887 2533 1016 2602 homine
1031 2557 1039 2615 ;
1056 2532 1192 2603 sednon
1208 2552 1278 2617 om-

207 2661 264 2711 nes
276 2651 359 2709 terre
369 2639 510 2729 marique
522 2639 635 2707 helluae
648 2660 706 2707 suo
719 2660 836 2727 genere
852 2660 989 2708 maxume
997 2639 1223 2709 717177777777(1
1235 2660 1277 2710 an

207 2768 280 2816 vero
295 2761 384 2854 qutas
398 2747 532 2836 aquilam
544 2761 598 2814 aut
610 2747 736 2814 leonem
752 2748 848 2815 ullam
861 2749 1019 2816 anteferre
1034 2748 1169 2839 figuram
1182 2747 1276 2819 strae‘?

206 2853 279 2924 Nou
302 2854 383 2922 male
409 2854 505 2943 igitur
518 2853 651 2921 advertit
667 2851 876 2942 Epicharmus
898 2857 1024 2923 asinum
1039 2856 1129 2925 77177
1151 2855 1275 2924 7777771

208 2961 465 3050 pulcherrimum,
483 2971 515 3028 77
538 2959 587 3027 771
602 2979 702 3027 suem.
729 2959 808 3026 nibil
831 2961 916 3028 enim
939 2974 988 3029 est
1001 2962 1145 3031 absolute
1169 2974 1203 3031 et
1221 2982 1278 3053 per

207 3070 420 3158 sepulchrum
433 3079 487 3135 777
500 3067 633 3148 bonum,
650 3078 705 3132 aut
720 3086 845 3147 veruna,
859 3068 915 3135 sed
938 3068 989 3134 alti
1004 3067 1065 3138 7117
1089 3070 1184 3138 777717
1210 3090 1278 3139 rem

208 3177 350 3245 eamdem
362 3175 506 3264 judicant
519 3172 574 3263 (7).
601 3171 649 3239 Ne
661 3173 851 3259 pronunties
867 3172 960 3261 igitur
980 3173 1013 3242 id
1034 3195 1105 3243 7777
1118 3195 1274 3259 amarum,

209 3282 293 3370 quod
303 3281 387 3349 idem
410 3280 537 3369 capellae
560 3278 652 3345 dulce
671 3278 732 3344 mel
761 3278 906 3346 hebetur.
933 3279 1053 3368 Regula
1083 3302 1190 3350 rerum
1215 3304 1278 3352 non

210 3390 336 3467 veritas,
367 3388 422 3456 sed
448 3386 572 3476 propria
587 3384 760 3472 unicuique
788 3385 992 3468 existimatio,
1006 3385 1281 3458 instituuutAEne-

213 3495 354 3562 sidernus
381 3505 412 3563 et
436 3494 626 3582 Protagoras
647 3491 810 3579 (ἁπάντων
823 3501 930 3592 μέτρον
943 3493 1118 3591 ἄνθρωπος).
1134 3506 1229 3584 atque
1252 3494 1280 3564 si

213 3610 293 3676 soret
322 3610 418 3676 homo
443 3609 502 3676 alia
516 3610 665 3696 praeditus
683 3620 806 3690 natura,
824 3609 932 3699 ecquis
946 3609 1033 3677 novit
1057 3630 1097 3676 an
1122 3613 1280 3680 contraria

210 3714 357 3804 judicet?
368 3714 418 3804 (oe)
431 3715 502 3784 Non
512 3716 600 3783 vides
611 3718 696 3787 enim
710 3717 854 3785 ictericos
865 3716 975 3805 pallida
986 3716 1102 3798 dicere,
1116 3730 1149 3784 et
1162 3712 1285 3807 eosqui

245 3903 279 3974 (7)
293 3905 449 3960 disertum
461 3904 643 3975 Empirieum
655 3905 717 3960 adv.
736 3906 842 3973 mutire,
852 3902 919 3960 edit.
928 3903 1084 3960 d’aure'lius
1095 3920 1122 3975 p.
1135 3905 1187 3961 tta
1197 3913 1225 3960 77
1238 3919 1281 3977 sq.

210 3992 1282 4069 -77771777177.11,77,1777777777771,773-877777777777171777717777717.

213 4082 320 4152 Pyrrho
332 4084 351 4137 1
369 4085 403 4138 29
417 4090 469 4138 etc

250 4168 290 4243 (7)
312 4171 404 4239 Quae
398 4170 913 4242 77777777777777777177711,77771777
932 4143 1285 4247 71777777777777777777-

213 4277 281 4316 vum
295 4259 325 4315 17
339 4260 438 4317 uostris
449 4260 608 4318 notionibus
623 4261 829 4332 perpenderitis
1154 4269 1171 4320 3
