3192 5475
775 444 955 513 ...30-

329 575 611 658 animdietitabant
634 581 784 671 prodesse
809 607 913 675 posse,
935 587 991 657 sed
1019 590 1106 659 nulla
1126 590 1281 661 beneficia
1305 591 1394 675 dare,

331 684 465 775 ideoque
479 685 593 757 decere
606 690 768 759 hominem
782 692 934 763 adversus
958 716 994 764 ea
1017 697 1164 767 sensibus
1184 698 1297 767 iisdem
1316 699 1396 768 affici

330 792 446 880 quibus
460 815 531 883 erga
546 816 597 865 res
615 799 717 866 anima
740 814 895 869 carentes.
924 802 999 872 ldeo
1023 825 1081 873 nec
1096 805 1192 873 mutis
1207 805 1397 875 animalibus

332 899 506 989 quidquam
532 902 676 987 debetur,
705 916 736 975 et
761 928 856 995 quam
872 910 999 993 multos,
1025 910 1068 979 ait
1090 912 1224 993 Seneca,
1249 913 1398 983 velocitas

331 1007 405 1095 equi
420 1027 438 1075 e
451 1008 592 1097 periculo
618 1012 738 1101 rapuit;
755 1035 815 1082 nec
828 1015 1005 1101 arboribus,
1020 1018 1142 1087 etiamsi
1157 1029 1189 1087 te
1204 1019 1399 1087 laborantem

333 1120 412 1182 aestu
427 1134 588 1184 ramorum
612 1120 766 1208 opacitate
774 1123 925 1210 juverint.
940 1125 1095 1194 Desinant
1108 1126 1204 1216 igitur
1218 1128 1321 1196 leonis
1332 1126 1398 1195 cle-

334 1221 484 1289 mentiam
508 1224 671 1307 extollere,
688 1236 742 1294 aut
764 1228 823 1295 alia
846 1230 1003 1318 ejusmodi
1018 1252 1089 1321 quae
1108 1232 1146 1300 ad
1160 1233 1326 1321 benignam
1341 1234 1400 1300 ali-

334 1330 636 1417 quamroluntatem
658 1353 675 1402 a
699 1335 791 1403 nobis
812 1337 927 1405 ascribi
950 1339 1076 1407 leraene
1100 1340 1302 1428 suspicantur
1327 1334 1411 1429 qui-¹

335 1435 421 1505 dem.
451 1435 640 1527 Quanquam
667 1440 742 1529 ipsae
771 1454 847 1510 sunt
882 1443 931 1511 sui
961 1445 1082 1514 indices
1117 1465 1271 1535 suamque
1296 1456 1403 1534 aperte

334 1544 487 1631 detegunt
514 1555 671 1629 naturam,
696 1569 770 1616 cum
802 1550 841 1617 ab
865 1551 928 1617 ulla
975 1550 1046 1619 facti
1080 1552 1179 1641 gratia
1209 1552 1403 1643 reposcenda

334 1649 530 1735 abstineant;
545 1654 629 1742 quod
643 1656 801 1745 peculiare
823 1657 925 1725 fateor
949 1657 1060 1729 bestiis
1071 1668 1103 1727 et
1117 1680 1228 1749 parum
1252 1660 1403 1726 usitatum

337 1755 377 1825 ab
392 1758 533 1829 bomine.

380 1884 477 1953 Bruta
492 1886 748 1974 quemadmodun
761 1889 872 1957 merita
880 1889 1049 1957 conferunt
1061 1889 1160 1973 nulla,
1181 1891 1223 1958 ita
1239 1910 1403 1979 nunquam

336 1991 486 2081 injuriam
508 1992 638 2077 iaciunt,
652 1995 724 2084 quia
738 1994 813 2063 celle
837 2017 901 2064 non
915 2007 1061 2088 possunt,
1075 2007 1108 2066 et
1122 1997 1238 2086 injuria
1249 1996 1373 2065 nonnisi
1385 2016 1402 2064 a

336 2098 467 2168 consilio
480 2099 699 2189 proficiscitur.
716 2100 840 2171 Nocent
853 2124 928 2191 ergo
951 2103 1111 2171 interdurn
1126 2116 1161 2172 ut
1178 2104 1299 2172 ferrum
1310 2114 1343 2171 et
1355 2104 1404 2170 la-

338 2205 399 2295 pis,
416 2204 471 2274 sed
486 2206 554 2275 sine
564 2207 678 2297 injuria
690 2219 783 2298 atque
800 2210 1044 2299 ideonunquam
1069 2211 1169 2299 plagis
1188 2210 1363 2290 allicienda,
1377 2208 1406 2275 si

339 2332 433 2401 quem
453 2324 570 2382 temere
594 2326 625 2384 et
649 2317 828 2385 inconsulte
853 2316 1003 2385 laeserint.
1028 2316 1059 2384 ls
1087 2317 1172 2385 enim
1199 2317 1404 2405 insipientem

340 2420 454 2489 referat
468 2442 603 2511 puerum
627 2424 681 2512 qui
711 2445 785 2493 eum
796 2424 920 2506 cecidit,
938 2436 1055 2492 terram
1079 2425 1147 2493 uult
1164 2423 1331 2504 verberari,
1350 2432 1404 2489 aut

338 2526 424 2597 aliud
439 2526 470 2595 id
494 2550 597 2617 genus
611 2530 693 2598 male
711 2530 870 2612 mulctari,
887 2531 975 2619 quasi
1000 2531 1142 2618 singulos
1167 2531 1248 2597 ictus
1271 2529 1406 2597 doloret

320 2674 325 2685 ·
339 2633 502 2722 castigatio
518 2648 678 2722 sequatur.
697 2634 824 2703 Xerxes
839 2635 948 2723 igitur,
966 2637 1045 2704 dnm
1061 2636 1194 2725 flagellis
1205 2656 1295 2703 mare
1306 2634 1406 2703 caede-

341 2741 405 2822 bat,
425 2741 602 2814 minimese
615 2742 757 2811 Stoicum
772 2743 913 2832 gerebat,
928 2753 960 2812 et
987 2744 1152 2832 Augustus
1174 2743 1254 2831 ipse,
1284 2751 1407 2827 tantum

341 2869 405 2916 non
421 2857 521 2918 tactus
535 2851 575 2918 de
589 2850 669 2918 coelo
683 2849 767 2940 apud
780 2849 964 2931 Cantabros,
979 2849 1140 2918 liberalius
1154 2870 1249 2939 quarn
1264 2849 1406 2938 pruden-

341 2955 404 3022 tius
416 2953 514 3024 aedem
529 2955 667 3024 Fulmini
682 2956 823 3026 sacravit.
840 2955 922 3024 Huic
935 2956 1120 3026 nullomodo
1134 2956 1408 3044 suffrageturPor-

343 3063 435 3146 tinus,
452 3063 509 3132 sed
532 3064 636 3152 potius
648 3063 693 3130 illi
707 3064 838 3132 Philinti
850 3076 959 3133 nostro
972 3064 1026 3152 qui
1041 3064 1275 3154 improbitatem
1301 3061 1409 3130 bomi-

343 3191 422 3238 num
436 3191 524 3259 aequa
539 3170 781 3255 mentetolerat,
808 3171 939 3263 perinde
962 3171 1052 3259 quasi
1081 3171 1239 3238 feritatem
1263 3171 1409 3257 luporum

343 3291 374 3346 et
386 3277 485 3346 simiis
499 3278 674 3366 ingenitam
688 3279 841 3348 malitiam
855 3278 1044 3368 experiatur.
1062 3277 1224 3346 Sedenim
1240 3276 1279 3342 ab
1302 3276 1345 3342 ira
1371 3294 1406 3342 se

345 3396 500 3475 temperat
513 3385 664 3453 adversus
687 3386 806 3453 bestias
826 3385 991 3474 Chrysippi
1004 3385 1187 3465 aemulator;
1203 3404 1314 3450 vorum
1329 3381 1411 3448 idem

343 3513 410 3574 eas,
426 3493 452 3560 si
465 3493 633 3561 salutarem
646 3493 781 3560 ollerant
795 3491 913 3572 cibum,
930 3490 1096 3559 comedere
1112 3511 1175 3558 non
1190 3489 1321 3556 dubitat.
1340 3486 1408 3554 Na-

344 3599 415 3667 tura
429 3599 515 3666 enim
529 3599 581 3666 illa
595 3599 647 3668 cui
671 3599 898 3668 conuenienter
908 3597 984 3665 uiuit
998 3598 1123 3686 sapiens
1138 3595 1366 3664 excandescere
1379 3593 1409 3658 in

347 3715 435 3774 muta
447 3715 543 3787 vetat,
558 3727 623 3774 non
636 3715 742 3773 autem
766 3705 805 3773 iis
829 3705 923 3773 vesci.
954 3704 1021 3772 lmo
1046 3704 1112 3793 ipsa
1132 3703 1224 3791 jubet
1251 3701 1413 3769 hominem

250 3819 255 3832 '
345 3833 555 3903 quaecumque
580 3814 756 3902 gignuntur
780 3834 798 3880 e
828 3811 966 3879 terrain
995 3831 1089 3877 suum
1109 3830 1203 3877 usum
1230 3807 1410 3874 transferre.

346 3920 492 4008 Namque
510 3920 586 3987 nibil
599 3920 668 3987 sine
684 3939 777 3988 causa
789 3927 976 4006 generatum
989 3926 1050 3997 est,
1068 3915 1123 3984 sed
1135 3916 1243 4002 fruges
1258 3912 1415 4003 pecudum

346 4029 458 4116 gratia,
474 4029 611 4118 pecudes
626 4026 804 4108 hominum,
828 4026 977 4094 homines
1004 4022 1064 4110 ipsi
1089 4016 1251 4099 Deorum,
1282 4038 1416 4108 quorum

346 4135 649 4210 excellentissimum
684 4155 776 4225 opus,
818 4132 974 4202 mundum
1006 4127 1214 4218 contemplari
1242 4125 1360 4194 debent
1386 4133 1418 4196 et
