3192 5475
771 552 949 618 ..58-

312 690 468 767 .tarclrus,
500 702 608 759 contra
641 692 778 773 Stoicos,
816 708 952 785 quatuor
981 698 1142 765 contendit
1180 694 1386 783 argumentis.

373 795 396 863 l.
415 796 518 865 Omne
537 798 648 866 animal
674 814 864 870 instructum
889 803 1045 871 sentiendi
1057 804 1215 881 facultate,
1230 812 1262 870 et
1276 800 1393 869 iutelli-

327 902 422 990 gendi
436 922 534 991 capax
549 918 607 972 est.
624 906 741 975 Natura
754 909 839 975 enim
864 931 933 998 qnae
959 910 1037 977 nihil
1053 902 1191 997 unquam
1218 909 1287 976 sine
1298 926 1391 975 eausa

330 1010 505 1078 etconsilio
530 1015 658 1100 peragit,
683 1015 769 1081 nulla
784 1026 891 1083 mente
915 1018 974 1083 alia
1000 1037 1113 1084 sensus
1136 1015 1262 1083 donarit
1286 1014 1393 1081 hostiae

330 1114 392 1181 nisi
407 1126 440 1183 ut
454 1136 561 1184 eorum
572 1119 689 1188 arruilio
704 1121 778 1189 intel
792 1122 853 1210 igar
870 1144 940 1211 quae
953 1124 1014 1191 sihi
1024 1122 1198 1213 appetenda
1211 1120 1395 1209 fugiendam

329 1223 405 1292 sint.
422 1220 515 1303 Quod
531 1225 564 1291 ni
580 1225 681 1303 deret,
707 1228 826 1297 sentire
848 1229 929 1297 toret
942 1231 986 1297 illi
1004 1250 1131 1315 prorsus
1151 1230 1275 1306 inutile,
1292 1249 1394 1316 neque

329 1343 434 1417 posset
448 1331 693 1401 incolumitatem
709 1356 798 1402 suam
814 1337 862 1403 rel
879 1337 1047 1404 minimum
1069 1335 1220 1425 temporis
1243 1356 1391 1403 momen-

328 1444 398 1502 tum
422 1438 514 1504 tueri.
533 1438 625 1507 Unde
637 1450 723 1527 patet
735 1443 856 1522 oculos,
875 1463 978 1524 nares,
994 1454 1180 1530 crterosque
1194 1462 1310 1509 sensus
1331 1462 1393 1510 non

329 1542 424 1610 modo
437 1545 592 1612 sentiendi
605 1566 674 1615 esse
690 1532 910 1632 instrumenta,
926 1550 1103 1629 sedetiam,
1131 1558 1165 1615 ut
1189 1568 1318 1615 rrecesse
1329 1557 1396 1615 erat

330 1650 536 1739 intelligendi.
554 1651 678 1734 Quibus
690 1657 789 1723 semel
814 1656 995 1746 propositis,
1019 1657 1207 1724 Plutarchus
1229 1656 1312 1721 ultra
1326 1674 1397 1743 pro·

326 1776 466 1845 gressus,
484 1759 616 1826 affirmat
644 1782 843 1850 nequaquam
869 1784 961 1851 posse
985 1762 1052 1831 deri
1079 1770 1113 1827 ot
1135 1782 1250 1829 sensus
1282 1760 1322 1827 ah
1348 1759 1397 1826 iu·

329 1864 675 1953 telligeudosejuuctus
701 1880 874 1937 moveatur.
902 1869 1037 1937 Dubiam
1065 1869 1145 1936 haue
1169 1867 1352 1955 opinionem
1379 1885 1398 1933 a

328 1970 477 2039 Stratone
492 1974 620 2061 physico
638 1974 851 2064 desumptam,
872 1987 905 2043 ut
927 1986 975 2044 est
986 1995 1024 2043 ea
1038 1975 1172 2063 quaestio
1186 1974 1292 2061 magni
1316 1993 1396 2061 pon-

331 2076 428 2159 deris,
445 2078 600 2146 excutiam
612 2080 790 2169 diligenter.

375 2183 479 2253 Strato
507 2186 666 2274 physicus.
695 2189 909 2258 recentiorum
932 2189 1211 2277 Peripateticorum
1236 2188 1393 2275 princeps,

331 2311 511 2381 quanquam
529 2292 737 2381 Theophrasti
752 2297 890 2371 auditor,
906 2296 946 2363 ab
958 2296 1138 2365 Aristotelis
1149 2293 1319 2381 disciplina
1330 2292 1399 2382 plu·

332 2399 446 2479 rimum
466 2399 608 2483 dissedit,
633 2400 712 2469 adeo
740 2404 890 2492 pleraque
915 2402 1051 2470 instituit
1072 2422 1165 2469 nora.
1186 2400 1311 2467 Etenim
1325 2420 1399 2467 com

331 2506 425 2594 Lycei
445 2520 553 2575 auctor
564 2508 715 2576 edixisset
730 2509 809 2577 nihil
824 2529 894 2577 esse
909 2511 941 2576 in
954 2510 1117 2577 intellectu
1131 2505 1215 2597 quod
1232 2526 1295 2573 non
1310 2506 1396 2595 prius

275 2702 278 2713 ,
333 2612 472 2679 fueritin
488 2634 584 2681 sensu
592 2613 671 2704 (15),
684 2615 873 2683 seutentiam
883 2616 1010 2683 invertit
1019 2614 1177 2685 Stratosie
1185 2614 1396 2680 immutatam:

336 2744 352 2781 «
369 2718 457 2787 Nihil
471 2720 565 2789 estin
580 2742 675 2796 seusu
690 2722 773 2812 quod
786 2745 852 2789 non
867 2721 961 2790 simul
976 2722 1060 2791 sitin
1075 2722 1250 2790 intellectu.
1271 2746 1287 2782 s
1304 2718 1348 2788 Ea
1358 2719 1399 2786 rle

336 2845 369 2893 re
391 2825 507 2894 librum
531 2829 698 2917 scripserat
723 2831 816 2918 longe
837 2830 944 2898 miuus
957 2830 1185 2920 Peripateticos
1197 2827 1398 2907 referentem,

335 2943 369 2999 ut
391 2933 514 3020 opinor,
538 2955 634 3023 quam
661 2936 794 3004 Stoicos.
817 2937 866 3004 Ad
894 2958 988 3004 suum
1013 2937 1100 3005 enim
1113 2935 1190 3002 illud
1206 2934 1403 3024 propositum

335 3039 516 3122 devenerat,
529 3041 681 3110 rationem
693 3041 858 3133 Chrysippi
867 3043 907 3111 de
916 3043 1212 3133 priucipatuanimae
1224 3039 1399 3130 amplexus.

336 3150 499 3221 Ponehant
512 3163 618 3224 autem
642 3157 739 3224 Stoici
753 3155 870 3246 regiam
885 3157 971 3223 illam
988 3155 1170 3223 facultatem
1184 3157 1194 3246 (
1206 3155 1240 3219 τὸ
1254 3129 1398 3246 ἡγεμονὶ-

342 3255 412 3350 κον)
428 3271 549 3331 ceteras
561 3264 658 3331 animi
674 3273 778 3352 partes
792 3264 825 3331 in
838 3283 873 3331 se
887 3263 1064 3343 continere,
1079 3262 1121 3328 ita
1134 3272 1168 3328 ut
1180 3263 1220 3329 ah
1233 3282 1268 3330 ea
1277 3283 1400 3342 sensns,

336 3373 603 3462 allectus,judicia
626 3371 813 3438 defluerent.
838 3371 930 3439 Unde
954 3368 1103 3457 physicus
1127 3369 1403 3437 nostcreliiciehat

338 3481 462 3570 quoties
474 3481 591 3548 sentiat
610 3478 724 3560 bestia,
741 3477 836 3545 toties
857 3475 1067 3564 principatum
1081 3475 1176 3541 animi
1188 3475 1261 3564 (qui
1275 3476 1402 3564 quidem

338 3589 378 3657 sit
404 3584 606 3675 intelligens)
632 3584 824 3652 commoveri
852 3581 908 3672 (rr),
936 3583 1018 3650 Vide
1045 3593 1153 3648 autem
1174 3602 1267 3670 quam
1282 3581 1403 3649 diversa

301 3687 305 3696 ’
337 3695 498 3784 Diogenes
510 3703 541 3760 et
552 3693 659 3760 Strato
673 3691 712 3756 alr
727 3689 838 3757 eadem
850 3689 903 3756 illa
917 3690 957 3756 de
971 3687 1147 3777 principatu
1159 3687 1323 3776 disciplina
1347 3687 1401 3755 de·

338 3804 466 3881 ducant,
476 3810 569 3890 prout
577 3818 678 3865 uuum
686 3797 860 3865 alterumve
873 3795 956 3864 illius
964 3805 1141 3863 extremum
1157 3805 1400 3882 persequuntur.

338 3911 511 3998 Postquam
540 3905 624 3974 enim
649 3904 742 3972 ambo
766 3912 996 3972 consenserunt
1018 3902 1050 3968 iu
1072 3922 1122 3983 eo,
1140 3921 1196 3989 per
1210 3901 1405 3970 intellectum

378 4139 414 4216 (a)
428 4143 466 4198 Cl.
486 4140 581 4198 Ritter.
607 4136 671 4194 hist.
692 4137 795 4208 philos.
821 4136 909 4206 aritiq.
942 4137 987 4206 lll,
1014 4137 1080 4205 3l03
1100 4134 1217 4190 Sextum
1239 4131 1405 4210 Empiricos,

339 4231 402 4290 adv.
435 4229 533 4286 tlathe.
553 4240 600 4297 vn,
619 4240 644 4296 p.
662 4229 713 4281 350
724 4246 731 4295 3
744 4224 921 4292 Plutarchus,
938 4223 973 4279 de
987 4222 1099 4279 Placitis
1114 4219 1272 4292 Philosoph.
1290 4219 1403 4292 passim·
