3192 5475
784 428 962 497 ..76-

340 566 502 739 Eoriternri
516 569 534 635 ‘i
548 567 656 659 ltaque
669 570 754 638 cauis
769 572 852 640 baud
873 570 987 661 injuria
1004 570 1099 653 dieat,
1121 580 1154 637 ut
1178 570 1260 660 apud
1283 569 1401 638 Tomos

372 672 483 741 ridius.

487 853 620 911 Barbarus
634 853 679 909 bis
693 868 744 924 ego
757 868 820 911 sum
834 854 966 926 quianon
982 854 1119 925 intelligor
1128 853 1188 911 ulti.

383 1011 549 1079 Rationem
561 1032 634 1080 vern
648 1022 828 1101 competere
842 1014 1030 1081 animalibus
1041 1013 1235 1103 Porphyrius
1245 1013 1295 1081 bis
1306 1034 1403 1101 urgu-

337 1119 453 1185 mentis
478 1119 655 1187 eontirmori
681 1128 779 1208 putat.
821 1120 913 1207 Apud
941 1121 1086 1188 bomines
1104 1121 1193 1207 juxta
1216 1130 1248 1187 et
1268 1126 1404 1208 pecudes

338 1246 454 1313 eorpus
466 1226 576 1293 eodem
592 1226 686 1293 modo
700 1226 845 1293 abicitur.
861 1227 954 1307 Nam,
969 1238 1004 1293 ut
1019 1226 1162 1293 ornittam
1179 1226 1308 1293 morbos
1320 1227 1399 1293 utri-

339 1352 402 1420 que
416 1331 523 1419 generi
538 1352 736 1414 communes,
750 1333 871 1421 siquod
886 1333 1002 1401 animai
1016 1345 1177 1401 exsertum
1193 1332 1300 1415 fuerit,
1329 1334 1401 1401 effe-

337 1438 486 1505 minatur.
501 1438 575 1506 ldeo
590 1439 663 1525 gatti
685 1439 841 1527 spadones
863 1459 928 1506 nou
953 1440 1017 1525 jum
1041 1440 1185 1507 stridenti
1211 1452 1243 1506 et
1261 1439 1399 1507 masculo

337 1554 466 1632 gutture
491 1554 618 1625 canunt,
651 1547 706 1613 sed
722 1566 798 1613 rone
822 1554 954 1613 utuntur
973 1545 1118 1626 feminea,
1147 1545 1229 1613 sieut
1255 1544 1399 1612 homines

338 1652 397 1739 ipsi
408 1660 651 1719 consueverunt.
670 1650 945 1733 Quemadmodum
965 1671 1039 1719 vero
1062 1672 1192 1739 corpus,
1207 1652 1250 1717 ita
1264 1652 1401 1719 serarum

338 1758 443 1825 anima
460 1758 585 1825 easdem
603 1777 682 1845 quas
695 1768 799 1825 nostra
819 1758 1000 1848 affectiones
1025 1757 1145 1846 recipit.
1171 1758 1248 1825 Inde
1270 1757 1403 1846 pecudes

335 1864 373 1931 ad
389 1866 558 1931 humanam
570 1863 809 1931 similitudinem
829 1864 954 1943 odores,
978 1884 1085 1944 sonos,
1111 1864 1210 1931 eaiida
1235 1877 1268 1931 et
1291 1863 1401 1951 frigida

336 1969 524 2058 percipiunt.
539 1969 624 2051 Quin
648 1970 742 2037 etiam
767 1969 916 2057 cogitant.
944 1969 1174 2057 Cogitationem
1199 1970 1285 2038 enim
1313 1980 1404 2038 vocat

336 2074 529 2163 Porphyrius
546 2100 561 2137 u
575 2074 660 2162 quod
690 2074 723 2141 in
737 2076 840 2141 anima
855 2095 910 2163 per
925 2075 1085 2142 silentium
1115 2076 1239 2143 dieitur.
1257 2101 1273 2137 »
1306 2075 1401 2143 Bruta

335 2181 493 2248 autemsie
506 2181 591 2268 loqui
606 2180 968 2269 quodammodoseeum‚
982 2193 1014 2248 et
1028 2182 1119 2249 variis
1129 2182 1215 2249 intus
1228 2184 1348 2251 moveri
1361 2182 1394 2248 af
1404 2216 1407 2224 ·

338 2288 491 2365 tectibus
501 2287 533 2353 id
558 2287 674 2355 indieio
693 2298 757 2368 est,
783 2287 868 2376 quod
890 2308 966 2355 uoce
994 2287 1170 2375 signitieant
1197 2288 1274 2376 quid
1308 2288 1404 2355 reliut

336 2394 543 2460 autsentiant.
556 2393 642 2461 Nihil
656 2394 741 2461 enirn
752 2393 887 2482 exprimi
901 2393 1005 2481 lingua
1016 2403 1131 2481 potest,
1146 2396 1222 2483 quin
1237 2395 1326 2483 prius
1339 2395 1404 2461 uui-

220 2590 223 2596 ·
336 2512 589 2587 moeoneepturn
604 2503 654 2567 sit.
677 2501 725 2569 Ad
738 2499 962 2587 cogitationem
985 2520 1059 2567 vero
1077 2501 1198 2568 aceedit
1221 2501 1301 2568 ratio
1325 2501 1401 2589 ipsa,

335 2605 392 2673 sed
407 2605 490 2672 itlius
503 2605 633 2673 rationis
657 2608 798 2674 modoet
814 2626 961 2673 mensura
990 2606 1126 2695 pecudes
1153 2618 1222 2673 tum
1249 2607 1334 2674 iuter
1356 2628 1400 2687 se¹

336 2720 404 2779 tum
420 2711 513 2779 etiarn
526 2712 702 2781 abhomine
716 2713 906 2802 diserepant.
922 2712 999 2781 Atiae
1008 2724 1112 2780 autem
1124 2713 1162 2779 ab
1174 2713 1243 2781 abis
1254 2714 1403 2782 differunt

337 2838 377 2886 ex
392 2819 532 2886 locorum
547 2828 658 2887 natura
673 2820 724 2885 ubi
739 2829 931 2908 generantur
944 2831 975 2886 et
996 2819 1116 2904 vivrrut,
1140 2840 1247 2908 neque
1271 2820 1401 2888 absurde

336 2924 481 2991 nonnulli
507 2925 610 2992 adorsi
638 2936 711 2991 sunt
726 2925 1017 3005 ostenderemulta‚
1032 2946 1071 2992 eu
1092 2926 1169 2993 loeis
1194 2947 1265 3014 quae
1294 2927 1398 2994 sortita

338 3039 427 3108 sunt
446 3030 645 3116 prudentiore
659 3051 727 3098 esse
743 3032 844 3098 uobis.
863 3031 921 3099 His
931 3031 1061 3100 uocibus
1073 3032 1267 3119 Porphyrius
1281 3033 1398 3119 signis-

336 3135 513 3216 oatsidera,
528 3157 596 3224 quoe
619 3137 776 3224 poscentia
791 3138 955 3205 AEtberenr
980 3135 1023 3226 (id
1050 3147 1100 3205 est
1126 3139 1348 3206 tenuissimum
1366 3146 1396 3205 et

338 3241 469 3310 minime
489 3243 802 3332 coneretumaerem)
825 3245 964 3311 Deorum
991 3243 1060 3311 iuno
1079 3244 1286 3322 habebantur,
1312 3255 1401 3332 atque

336 3349 410 3415 ideo
424 3347 605 3414 animalium
618 3348 755 3416 maxime
769 3348 891 3415 ratione
905 3348 1087 3435 vigentium.
1113 3349 1285 3437 Subiungit
1311 3351 1401 3417 etiam

338 3453 499 3522 bominem
512 3453 650 3521 Deorum
664 3455 848 3542 dignitatem
876 3453 980 3541 oiiqun
1003 3463 1092 3542 paeto
1116 3455 1220 3522 metiri
1244 3476 1285 3523 ex
1315 3456 1398 3534 ioeis,

336 3561 474 3626 innuens
513 3558 622 3627 Iovem
653 3561 826 3626 maximum
854 3548 995 3627 Deorum
1020 3562 1140 3628 censeri
1169 3562 1243 3648 quia
1269 3561 1400 3649 imperio

337 3665 418 3732 aeris
437 3664 554 3752 potitus
579 3665 630 3746 sit,
650 3685 722 3732 eum
746 3666 915 3754 Neptunus
937 3686 1065 3754 uquam,
1085 3667 1176 3734 Pluto
1200 3667 1401 3734 subterranea

337 3770 407 3837 loen
422 3779 506 3837 sorte
516 3770 701 3860 receperint.
715 3769 808 3852 Quod
824 3772 848 3838 si
862 3772 957 3858 igitur
968 3772 1108 3839 Deorum
1131 3772 1248 3859 gradus
1262 3794 1281 3840 e
1297 3773 1401 3842 domi-

340 3875 415 3942 eiiio
439 3875 687 3957 constituuntur,
704 3876 787 3943 idem
804 3877 870 3944 fieri
897 3879 937 3945 de
959 3878 1147 3946 animalibus
1175 3880 1317 3946 naturaie
1342 3889 1398 3946 est.

338 3979 414 4047 ldeo
438 3991 564 4068 propter
588 3980 671 4048 sedis
694 3990 726 4048 et
757 3981 872 4050 domus
884 3982 991 4070 patriae
1005 3983 1260 4071 discrepantiam,
1275 3984 1403 4052 rationis

339 4085 438 4172 gradu
453 4085 535 4152 inter
547 4107 581 4153 se
597 4087 760 4168 differunt,
777 4097 907 4168 stares,
933 4088 994 4155 ibae
1007 4089 1160 4158 ministrae
1188 4089 1398 4170 divinationis
