3192 5475
766 461 945 531 ..12-

325 604 367 672 lio
390 614 422 671 et
453 602 620 673 excellenti
639 602 758 693 judicio
783 615 980 685 exerceatur;
1005 605 1062 673 sed
1090 604 1205 695 potius'
1220 607 1390 685 memorio,

323 720 356 778 et
382 711 512 779 confusa
535 711 687 799 proiecto,
718 711 820 799 qualis
842 712 1023 782 hebetiores
1047 732 1160 780 seusus
1184 730 1391 799 crassumque

323 836 439 906 corpus
465 817 632 886 comitetur
659 838 786 905 aequum
809 826 868 885 est.
888 816 982 906 (Haec
1005 818 1127 886 scilicet⁴
1142 818 1294 886 memoria
1307 817 1391 885 bru-

324 931 430 991 torum
456 923 722 991 reminiscentiam
746 923 832 990 illam
847 923 1041 992 Platonicam
1070 924 1254 1012 imperfecte
1275 923 1390 991 adum-

325 1029 407 1111 brat,
433 1028 475 1095 ita
503 1038 537 1095 ut
570 1050 641 1117 quae
674 1029 841 1097 videantur
873 1030 1047 1098 intellectui
1076 1030 1239 1099 reserenda
1264 1029 1297 1095 in
1320 1028 1390 1097 bel-

324 1133 398 1216 luis,
415 1154 432 1201 a
448 1154 557 1203 manca
569 1145 693 1201 tantum
707 1136 923 1203 recordatione
934 1135 1198 1225 proficiscantur.)
1209 1135 1262 1204 Sic
1282 1145 1393 1203 auctor

324 1240 432 1309 Timaei
450 1252 647 1309 commentus
657 1252 703 1309 est
718 1265 725 1307 :
741 1242 802 1309 etsi
812 1242 948 1309 maxima
963 1240 1094 1311 debetur
1117 1252 1204 1310 tanto
1223 1241 1289 1309 uiro
1304 1260 1397 1309 reue·

327 1346 441 1428 rectia,
459 1366 499 1415 ne
513 1347 553 1414 sit
568 1348 655 1415 nefas
666 1368 774 1415 vocem
790 1350 871 1414 hane
885 1348 1073 1416 celebratam
1083 1369 1121 1416 eo
1136 1349 1205 1416 loco
1218 1367 1393 1436 usurpare:

327 1453 448 1524 amicus
473 1452 574 1534 Plato,
590 1453 646 1521 sed
667 1454 767 1542 magis
789 1453 888 1522 amica
915 1454 1049 1523 veritas.
1074 1455 1122 1523 Ne
1137 1456 1229 1523 detur
1246 1454 1396 1521 omnibus

326 1578 378 1627 ore
392 1561 536 1640 rotundo,
550 1559 642 1627 sicuti
660 1559 775 1639 Graiis,
792 1560 897 1648 eloqui
920 1580 977 1648 per
1001 1581 1053 1628 me
1081 1561 1165 1628 licet.
1192 1558 1256 1626 Sed
1278 1559 1396 1626 durum

328 1666 477 1755 quiddam
488 1674 520 1733 et
535 1666 697 1734 novercale
713 1666 1040 1753 bestiaeexperiuntur
1054 1677 1211 1746 amatura,
1231 1686 1302 1753 quae
1320 1666 1393 1753 jus-

326 1772 403 1841 serit
414 1772 610 1841 intellectum
622 1772 716 1859 capiti
730 1792 793 1838 non
807 1772 867 1839 uisi
887 1772 1225 1853 rotundoinhahitarc.

371 1876 468 1965 Capta
485 1888 592 1945 mente
603 1888 728 1965 propter
740 1878 882 1965 corporis
895 1879 944 1945 sui
959 1879 1106 1965 liguram,
1129 1877 1231 1965 ipsam
1244 1876 1398 1965 loquendi

329 1993 453 2082 copiam
472 2003 557 2060 muta
569 1992 759 2061 desiderant.
780 1991 919 2059 Mentem
934 1993 1019 2060 euim
1041 1987 1221 2080 (ἐνδιάθετος
1233 1986 1342 2082 λόγος)
1365 2000 1400 2057 et

330 2127 511 2177 sermonem
533 2097 719 2198 (προφορικὸς
736 2102 850 2197 λογός)
880 2107 1065 2175 arctissimis
1088 2107 1170 2173 iuter
1201 2124 1236 2171 sc
1266 2102 1399 2170 uinculis

330 2224 442 2282 natura
463 2213 637 2302 conjunxit,
672 2215 916 2283 necimmerito
955 2233 1007 2280 res
1048 2222 1180 2300 utraque
1211 2230 1277 2277 uuo
1315 2210 1398 2297 apud

332 2319 460 2389 Graecos
471 2320 661 2410 exprimitur
675 2322 839 2391 uocabulo.
857 2322 967 2409 ltaque
978 2319 1068 2388 Plato
1082 2319 1115 2385 in
1129 2319 1260 2394 Timete,
1274 2315 1399 2403 signill-

331 2439 460 2495 caturus
474 2427 619 2495 animalia
647 2428 777 2495 affectus
805 2449 868 2496 non
889 2447 982 2515 posse
1005 2423 1164 2514 loquendo
1191 2422 1335 2511 aperire,
1356 2440 1394 2488 ea

331 2526 1399 2615 consonantibusassimilat‚litterisnimirumuonvocalibusSisvero

332 2639 499 2706 brutorum
509 2639 613 2705 anima
634 2638 784 2708 interiore
807 2640 898 2727 juxta
922 2648 956 2707 et
986 2637 1142 2705 exteriore
1168 2634 1264 2701 verbo
1290 2641 1396 2713 caret,

334 2745 486 2835 quidnam
508 2745 552 2811 illi
573 2744 698 2813 tandem
723 2746 948 2834 relinquetur‘.l
967 2742 1132 2812 Sentiendi
1155 2741 1204 2807 vis
1229 2749 1262 2807 et
1288 2740 1403 2826 image

333 2852 441 2921 naudi.
460 2851 595 2920 Sensum
610 2861 716 2920 autem
728 2851 818 2919 Plato
832 2853 878 2920 sic
892 2851 1019 2919 delinit:
1033 2875 1048 2912 «
1063 2845 1288 2932 commercium
1297 2843 1401 2933 quod-

333 2959 407 3026 dam
421 2958 504 3024 inter
517 2957 655 3024 animam
669 2968 702 3025 et
715 2979 842 3046 corpus,
856 2959 941 3025 huuc
954 2957 993 3024 ad
1018 2956 1114 3022 finem
1141 2951 1331 3032 institutum,
1362 2958 1398 3016 ut

335 3064 491 3134 exteriora
506 3063 752 3153 percipiantur.»
769 3085 862 3132 nares
881 3064 968 3132 enim
993 3072 1025 3129 et
1053 3060 1135 3130 oculi
1159 3068 1191 3126 ct
1213 3077 1307 3125 aures
1329 3065 1403 3123 suut

334 3171 425 3260 quasi
439 3171 590 3239 satellites
603 3190 640 3238 ac
653 3170 756 3238 nuntii
765 3171 821 3259 qui
831 3171 969 3238 animam
991 3168 1036 3237 rei
1050 3165 1193 3235 uidendae
1215 3165 1398 3242 admouent,

335 3278 385 3347 vel
404 3278 523 3368 speculi
537 3277 577 3344 ad
591 3279 690 3347 instar
705 3277 966 3347 considerandam
981 3295 1051 3344 eam
1061 3272 1223 3341 exhibent.

381 3393 557 3462 Utilitatem
568 3394 652 3459 haud
666 3393 823 3461 minorem
834 3392 930 3459 habet
942 3387 1123 3476 imaginatio
1136 3381 1406 3477 (paraecialssjus

338 3500 422 3568 enim
441 3498 617 3566 ministerio
639 3508 810 3587 conceptas
825 3518 929 3565 rerum
955 3495 1107 3583 imagines
1130 3501 1256 3580 pectore
1268 3489 1406 3557 retinere

339 3606 440 3674 hestia
454 3614 570 3694 potest,
588 3604 681 3672 idest
696 3603 890 3672 meminisse.
908 3602 989 3669 Vide
1003 3612 1112 3667 autem
1124 3594 1361 3682 consequentia,
1375 3603 1409 3661 et

339 3709 597 3802 quomodoPlato
607 3710 775 3778 concludat
785 3709 982 3798 speciesillas
990 3707 1040 3774 uel
1050 3708 1138 3771 ideas
1148 3703 1226 3770 adeo
1235 3700 1408 3769 celebratas

339 3818 443 3906 reipsa
455 3816 591 3884 existere
606 3825 638 3883 et
649 3816 688 3882 ab
700 3815 778 3904 ipsis
793 3814 969 3903 pecudibus
994 3811 1100 3900 recipi.
1119 3809 1220 3877 Si‘est
1241 3805 1404 3887 momoria,

340 3923 456 4012 inquit,
472 3922 617 4010 sequitur
633 3921 748 3988 formas
770 3942 897 4009 quoquo
920 3941 1027 3988 rerum
1057 3939 1141 3997 esse,
1165 3917 1237 4002 quia
1260 3910 1410 3979 memoria

342 4040 392 4100 est
405 4029 451 4098 rei
473 4027 639 4118 cujusdam
652 4027 845 4116 quiescentis
873 4049 909 4095 ac
933 4023 1158 4115 permanentis.
1189 4019 1276 4086 Nihil
1302 4027 1408 4084 auteur

340 4146 518 4234 permanet,
535 4144 650 4231 praeter
664 4135 793 4204 formas.
814 4134 897 4204 Sunt
908 4133 1003 4220 igitur
1014 4149 1122 4203 reuera
1137 4128 1215 4195 idco
1232 4125 1281 4194 vel
1299 4124 1409 4196 torma
