3192 5475
671 470 852 543 ..67-

224 610 284 685 has
307 616 452 707 protinus
464 618 536 688 ritae
549 615 715 709 principio.
734 644 750 684 x
772 616 832 689 His
845 616 994 707 gravibus
1005 616 1082 687 uiris
1093 610 1296 707 respondebit

220 722 382 793 Anacreo:
400 750 415 787 u
432 724 539 795 Cornu
554 736 680 794 taurum
702 726 893 795 instructum
911 746 994 808 esse,
1011 724 1156 814 aquatilia
1172 725 1290 812 pinna-

221 848 309 911 rum,
331 830 475 899 uolucres
495 832 617 900 alarum
643 832 775 921 remigio
797 830 853 924 (c),
878 831 1027 900 seminam
1043 830 1290 921 pulchritudine,
1379 908 1384 915 ¹

223 940 389 1013 hominem
414 944 743 1037 ingenio(pplxx1nc).
771 945 968 1016 Imbecillum
995 943 1293 1035 quamvisettotius

222 1060 345 1118 naturae
366 1050 486 1120 viribus
501 1073 729 1143 nonnunquam
740 1053 920 1143 impetitum
935 1072 1028 1120 mens
1043 1052 1094 1120 illa
1109 1050 1185 1119 satis
1198 1048 1292 1137 adju-

218 1157 574 1245 uat,junctabenel1cio
590 1170 708 1229 mutuae
728 1160 887 1229 societatis
914 1169 947 1229 et
971 1158 1203 1227 beniuolentiae.
1232 1155 1293 1225 Par

220 1263 309 1332 enirn
321 1273 387 1331 erat
400 1265 518 1333 bestias
529 1265 676 1335 solitariae
689 1266 758 1334 vitae
773 1267 946 1334 destinatas
964 1286 999 1334 se
1014 1285 1107 1354 posse
1119 1265 1214 1345 solas,
1232 1262 1291 1330 de·
1360 1298 1369 1311 =

223 1368 466 1439 ficientealieno
488 1372 616 1455 auxilio,
636 1372 718 1440 tueri
730 1370 817 1463 (blm
835 1371 996 1440 hominem
1021 1391 1096 1441 xero
1124 1371 1292 1439 homiuum

221 1477 455 1545 conversationi
478 1491 510 1546 et
536 1480 726 1547 commercio
751 1489 957 1560 reservatum,
984 1478 1087 1569 primo
1113 1490 1291 1568 parentum,

222 1582 297 1651 dein
312 1582 447 1651 civitatis
460 1603 552 1673 opem
571 1585 743 1675 requirere.
762 1583 867 1667 Quare
883 1605 958 1653 vero
972 1593 1077 1653 cetera
1090 1606 1161 1673 quae
1171 1586 1294 1674 jactitat

222 1685 352 1775 Gryllus
378 1689 548 1758 bestiarum
573 1690 738 1760 commoda
764 1690 963 1779 persequar?
988 1689 1075 1759 Ficta
1108 1690 1214 1758 omnis
1241 1688 1294 1756 illa

222 1794 408 1863 excellentia
432 1795 652 1866 conditionem
666 1818 742 1867 vere
764 1796 948 1864 inferiorem
972 1794 1101 1865 indicat.
1128 1794 1181 1865 Sic
1193 1795 1296 1865 Midas

223 1918 389 1987 nunquam
403 1900 550 1970 miserior
569 1913 601 1972 et
619 1903 787 1993 pauperior
808 1902 954 1983 exstitit,
970 1922 1066 1990 quam
1085 1922 1159 1969 cum
1183 1898 1301 1969 nonnis

228 2023 343 2078 aurum
355 2017 511 2095 tangeret.
529 2008 564 2077 Si
578 2030 640 2098 qua
653 2008 739 2079 enim
753 2007 786 2077 in
798 2007 986 2076 animalibus
996 2007 1291 2097 meliorauidcntur‚

221 2130 368 2200 quaenam
382 2110 442 2180 alia
457 2133 552 2183 causa
564 2114 689 2197 subest,
704 2114 765 2183 nisi
782 2114 866 2204 quod
877 2114 998 2183 ratione
1007 2114 1155 2197 carentia,
1165 2122 1294 2204 peccato

220 2238 348 2307 quoque
368 2220 503 2288 carent?
530 2222 557 2289 Α
584 2241 691 2291 rerum
716 2230 858 2290 creatore
880 2221 1040 2309 provisum
1063 2231 1124 2302 est,
1149 2232 1197 2303 ut,
1229 2239 1293 2309 quo

220 2325 324 2411 magis
338 2324 377 2393 ab
400 2324 517 2393 infimis
531 2336 650 2396 naturae
663 2327 813 2415 gradihus
831 2328 869 2394 ad
884 2326 1068 2415 superiores
1082 2324 1237 2406 eveheris,
1253 2344 1291 2395 en

220 2429 379 2499 minorem
393 2432 611 2521 deprehendas
624 2434 707 2522 apud
724 2434 896 2502 animantia
909 2432 1033 2521 legibus
1047 2432 1114 2500 suis
1136 2431 1290 2499 obedien-

218 2533 309 2604 tiam.
327 2536 500 2607 lnanimata
512 2539 608 2620 enim,
625 2550 661 2606 ut
672 2539 793 2627 lapides
813 2550 843 2607 et
856 2540 981 2627 plantae,
998 2536 1159 2607 ahedictis
1171 2547 1292 2604 naturae

220 2661 385 2732 nunquam
407 2644 585 2727 discedunt,
610 2645 720 2715 hestiae
734 2666 808 2714 vero
820 2665 1065 2734 nonnunquam.
1082 2643 1212 2711 Homini
1230 2664 1291 2711 au·

220 2759 286 2818 tem
299 2750 424 2840 propria
436 2761 485 2820 est
498 2763 610 2821 eontra
625 2762 745 2821 naturae
762 2773 827 2820 suae
839 2755 925 2842 leges
947 2751 1118 2819 rebellandi
1139 2760 1288 2840 potestas.

218 2855 300 2925 Data
309 2857 442 2940 ratione,
456 2858 641 2942 aitTullius,
651 2857 804 2926 malitiam
818 2880 946 2947 quoque
959 2858 1012 2927 Dii
1019 2857 1192 2927 dederunt:
1210 2857 1292 2926 «Est

218 2961 306 3030 enim
321 2960 439 3031 malitia
452 2974 578 3033 versuto
590 2974 622 3032 ct
635 2965 728 3032 lallax
739 2965 875 3034 nocendi
889 2965 980 3034 ratio.
1002 2991 1017 3028 x
1044 2964 1136 3034 Unde
1159 2962 1290 3033 solusin

218 3069 295 3135 orbe
310 3078 467 3137 terrarum
481 3069 596 3139 vitiaet
610 3071 743 3139 virtutes
755 3071 894 3140 exhibet.
912 3096 928 3134 c
947 3069 1014 3140 Soli
1028 3069 1213 3137 animalium
1225 3089 1290 3139 unu

218 3171 364 3242 sitientes
385 3175 535 3254 bibinum,
564 3201 580 3238 o
602 3175 707 3264 inquit
730 3175 865 3258 Plinius,
888 3175 940 3244 cui
962 3175 1109 3265 subjiciet
1123 3173 1226 3262 lepide
1239 3173 1292 3242 Fi-

218 3299 313 3368 garo:
345 3305 361 3343 c
391 3279 436 3348 Ea
463 3301 497 3349 re
521 3283 666 3370 superior
693 3283 790 3351 homo
811 3281 924 3360 bestia,
950 3282 1036 3372 quod
1061 3281 1088 3348 is
1111 3289 1200 3369 potat
1225 3299 1290 3348 nnn

217 3385 341 3468 sitiens,
366 3386 502 3456 comedit
524 3408 589 3455 non
612 3387 767 3472 esuriem,
796 3398 828 3456 et
852 3387 940 3456 omni
969 3399 1112 3476 tempore
1140 3395 1236 3454 amat.
1270 3411 1285 3448 x
1348 3466 1350 3471 ,

216 3489 331 3560 Faceta
355 3514 420 3561 non
444 3495 547 3562 solum
569 3495 648 3576 haec,
678 3495 734 3563 scd
759 3494 935 3575 verissima,
962 3506 992 3561 et
1015 3494 1065 3583 (si
1084 3492 1153 3562 Diis
1175 3489 1289 3581 placet)

218 3598 330 3686 generi
364 3608 473 3667 nostro
513 3600 841 3669 honorificentissima.
879 3599 963 3668 Nam
998 3599 1051 3668 cui
1093 3600 1165 3667 licet
1198 3607 1291 3664 uatu-

219 3724 289 3772 ram
303 3705 463 3794 negligere
477 3704 603 3787 ducem,
618 3706 670 3774 hic
689 3707 785 3774 etiam
808 3705 925 3774 valebit
949 3705 1045 3772 animi
1072 3703 1290 3792 magnitudine

217 3811 391 3879 humanam
414 3813 541 3880 vincere
557 3822 712 3893 naturam,
727 3822 758 3881 et
777 3813 903 3880 uirtutis
917 3810 1115 3891 excellentia,
1134 3819 1289 3900 quantum

218 3917 345 3986 mortali
360 3919 461 3998 datur,
488 3917 529 3986 nd
556 3918 661 3987 Deum
688 3919 848 3988 accedere.
878 3916 953 3986 ldeo
980 3914 1286 3996 nonsiucmaxima,

256 4135 290 4210 (el
305 4141 334 4199 2·
350 4139 411 4200 ode.
432 4152 434 4157 ·
