3192 5475
655 446 842 513 ..qq-

206 589 396 674 pbantorum
427 587 641 675 eloquentiam
670 587 823 675 magister
847 607 957 655 eorum
996 588 1066 655 sine
1092 588 1186 655 dubio
1214 609 1279 657 non

206 705 291 763 esset
312 693 455 761 oratione
468 704 671 776 consecutus,
689 694 715 763 si
731 694 846 763 luisset
867 694 912 761 illi
925 715 983 783 pro
998 694 1169 784 gladiatore
1183 694 1281 763 mori-

209 812 280 869 turo
294 799 518 889 perorandum.

251 905 335 987 Quid
350 906 566 975 verotaudem
592 906 632 977 de
657 908 803 975 universa
827 908 1000 975 bestiarum
1015 906 1279 997 unimajudicau-

205 1014 308 1081 dum?
321 1014 400 1083 Eam
415 1034 518 1102 neque
533 1015 604 1103 plus
617 1035 708 1103 aequo
722 1014 927 1104 amplificare,
942 1034 1046 1103 neque
1063 1036 1175 1083 rursus
1189 1027 1282 1084 erto·

205 1141 303 1189 muare
321 1119 424 1203 decet,
439 1122 531 1189 sicuti
546 1122 733 1211 plerumque
747 1121 863 1203 evenit,
877 1121 954 1188 dum
966 1143 1048 1189 uuus
1064 1122 1147 1190 feras
1160 1123 1282 1192 marbi-

205 1248 316 1295 narum
332 1248 466 1297 numero
490 1228 651 1310 adscribit,
676 1228 756 1299 alter
770 1228 919 1317 praedicat
932 1228 1074 1296 animum
1090 1230 1188 1311 canis,
1204 1231 1276 1297 siin

203 1355 319 1423 corpus
359 1334 538 1403 Aristotelis
568 1336 741 1417 incidisset,
770 1335 849 1403 tauti
888 1334 1005 1423 ingenii
1050 1336 1275 1407 sublimitatem

202 1441 329 1529 assequi
342 1441 482 1530 potuisse
504 1440 560 1532 (u),
582 1443 671 1531 quasi
683 1442 728 1511 rei
753 1442 944 1530 incorporeae
959 1453 1103 1511 naturae
1118 1443 1277 1511 domicilio

202 1568 273 1628 suo,
286 1558 340 1615 aut
355 1547 568 1616 membrorum
582 1548 785 1617 fabricatione
795 1558 859 1615 tota
866 1548 1012 1637 pendeat.
1028 1549 1127 1617 Multa
1136 1550 1277 1639 prolecto

202 1656 344 1723 existunt
363 1674 525 1743 ecorpore
547 1676 616 1742 quae
638 1664 753 1723 uertant
775 1666 928 1736 mentem,
955 1656 1053 1723 inulta
1070 1678 1141 1746 quae
1164 1657 1280 1724 obtun-

201 1765 288 1831 dant.
304 1760 385 1829 lllud
397 1771 504 1829 aulem
521 1762 609 1830 nullo
636 1762 729 1829 modo
759 1763 839 1829 valet
863 1762 901 1829 ad
917 1762 949 1829 id
961 1773 996 1829 ut
1009 1763 1176 1831 bominum
1190 1765 1277 1832 iera-

203 1888 337 1957 numque
351 1868 487 1935 animam
502 1868 594 1956 plane
613 1868 799 1937 confundas.
819 1868 893 1937 Non
905 1868 1003 1936 sentis
1018 1870 1118 1937 simiae
1141 1872 1274 1938 formam

204 1972 253 2061 (si
278 1994 428 2062 perpauca
451 1973 634 2063 exceperis)
660 1984 775 2043 nostrae
801 1973 1021 2042 simillimam?
1041 1975 1143 2065 Caput
1158 1976 1203 2044 illi
1218 1999 1276 2044 ro-

202 2080 350 2161 tundum,
376 2100 471 2168 qnam
499 2081 646 2169 liguram,
681 2090 716 2148 ut
744 2080 833 2149 Plato
858 2081 1059 2169 excogitavit,
1090 2084 1275 2153 intellectus

203 2208 299 2255 unam
314 2186 472 2275 sequitur;
489 2198 595 2255 tanuen
611 2187 774 2255 nonnullis
801 2188 896 2256 etiam
911 2188 1100 2257 animalibus
1119 2189 1158 2258 de
1172 2192 1275 2258 soler-

202 2296 245 2361 tia
258 2304 289 2362 et
301 2293 468 2381 sagacitate
481 2293 584 2376 cedit;
612 2294 753 2383 linguam
776 2294 871 2361 habet
895 2296 1079 2378 humanam,
1094 2308 1126 2364 et
1141 2317 1206 2364 non
1224 2298 1274 2364 lo-

201 2401 325 2489 quitur;
340 2420 433 2467 aures
455 2402 622 2478 humanas,
653 2420 757 2489 neque
779 2413 934 2469 concentu
953 2401 1062 2469 fidium
1078 2403 1270 2482 delectatum

200 2508 322 2589 oeulos,
336 2522 368 2574 et
382 2506 538 2573 nonvidet
552 2507 707 2594 sylvarum
723 2528 802 2595 quas
814 2506 933 2574 babitat
946 2509 1169 2576 amaenitatetn.
1188 2510 1272 2593 Quid

200 2614 286 2682 enim
301 2615 318 2680 ‘l
332 2614 472 2681 animum
494 2613 602 2680 bestiae
616 2613 702 2680 Deus
716 2614 816 2681 voluit
840 2634 857 2679 a
885 2624 994 2684 nostro
1025 2615 1198 2704 plurimum
1224 2638 1274 2684 se-

200 2720 300 2810 cerni.
319 2719 471 2802 Quamvis
490 2719 574 2787 onim
597 2721 671 2787 seraa
686 2721 830 2810 quaedam
856 2721 1013 2789 subtiliter
1036 2721 1227 2812 intelligant,
1241 2734 1273 2790 et

200 2828 365 2897 affectibus
389 2811 803 2896 moreautnrtmediocriter
831 2829 982 2896 anostris
1012 2830 1269 2912 abhorrentibus,

199 2923 345 3004 inchoata
368 2934 429 3001 illis
444 2933 525 3002 inest
540 2943 664 3014 natura,
681 2954 716 3002 ac
729 2934 826 3002 ueluti
843 2946 1010 3004 truncatus
1025 2937 1163 3004 animus.
1185 2937 1273 3004 Muta

199 3042 285 3111 enim
300 3041 384 3108 baud
403 3041 551 3108 distincte
563 3040 612 3108 sui
624 3041 749 3108 conscia
761 3050 848 3121 sunt,
863 3062 967 3130 nequo
995 3063 1107 3112 eorum
1119 3043 1267 3111 intellec-

200 3161 251 3216 tus
265 3148 333 3237 ipse
346 3168 380 3216 se
392 3147 583 3216 rellectendo
599 3146 722 3214 reducit
736 3147 923 3216 introrsum.
943 3149 1053 3237 Adjice
1071 3150 1156 3238 quod
1171 3171 1274 3238 neque

200 3276 323 3337 verum,
342 3274 444 3342 neque
459 3254 639 3342 pulcbmm,
657 3274 760 3342 neque
780 3253 914 3335 bonum,
938 3256 980 3321 ab
1001 3256 1088 3322 omni
1116 3267 1272 3323 remotum

200 3360 552 3448 utilitate,intelligunt.
570 3360 678 3428 Bestia*
700 3361 935 3448 angustissimis
962 3371 1081 3428 naturae
1110 3382 1175 3429 suae
1206 3362 1270 3428 eir·
1300 3358 1303 3363 ’

199 3468 389 3556 cunnscripta
413 3466 541 3547 fraribus,
571 3487 588 3534 e
617 3466 765 3554 prasenti
794 3477 938 3556 tempore
964 3488 1028 3534 raon
1044 3466 1214 3556 egreditur,
1240 3476 1272 3534 ut

198 3574 366 3663 praeterita,
383 3574 487 3640 futura
508 3571 624 3662 etiam(
640 3592 695 3661 per
708 3571 1052 3662 inductionemllonge
1066 3586 1098 3641 et
1122 3573 1184 3640 late
1208 3574 1271 3642 eir-

197 3681 425 3770 cumspieiatet
444 3679 660 3768 amplectatur.
680 3680 770 3747 Adeo
796 3678 964 3746 minimum
991 3679 1089 3748 ueluti
1116 3692 1269 3768 punctum

199 3785 350 3875 temporis
373 3795 405 3852 ot
429 3785 521 3874 spatii
537 3784 657 3852 obtinet
674 3783 680 3851 l
700 3784 785 3867 Quin
799 3785 893 3852 etiam
917 3807 974 3873 pro
989 3807 1023 3853 se
1048 3786 1135 3865 vivit,
1161 3786 1272 3853 carita-

200 3907 262 3962 tem
284 3901 316 3962 el
343 3892 490 3980 pietatem
509 3902 651 3958 mutuam
667 3891 802 3978 ignorat,
817 3891 942 3958 virtutis
958 3893 1055 3961 inscia
1078 3904 1174 3980 atque
1201 3891 1266 3960 nei.

1017 4055 1262 4084 Μ

236 4133 271 4211 ta)
287 4132 377 4210 boyla
